
% Journals

% First the Full Name is given, then the abbreviation used in the AMS Math
% Reviews, with an indication if it could not be found there.
% Note the 2nd overwrites the 1st, so swap them if you want the full name.

 %{AMS}
 @String{AMSTrans = "American Mathematical Society Translations" }
 @String{AMSTrans = "Amer. Math. Soc. Transl." }
 @String{BullAMS = "Bulletin of the American Mathematical Society" }
 @String{BullAMS = "Bull. Amer. Math. Soc." }
 @String{ProcAMS = "Proceedings of the American Mathematical Society" }
 @String{ProcAMS = "Proc. Amer. Math. Soc." }
 @String{TransAMS = "Transactions of the American Mathematical Society" }
 @String{TransAMS = "Trans. Amer. Math. Soc." }

 %ACM
 @String{CACM = "Communications of the {ACM}" }
 @String{CACM = "Commun. {ACM}" }
 @String{CompServ = "Comput. Surveys" }
 @String{JACM = "J. ACM" }
 @String{ACMMathSoft = "{ACM} Transactions on Mathematical Software" }
 @String{ACMMathSoft = "{ACM} Trans. Math. Software" }
 @String{SIGNUM = "{ACM} {SIGNUM} Newsletter" }
 @String{SIGNUM = "{ACM} {SIGNUM} Newslett." }

 @String{AmerSocio = "American Journal of Sociology" }
 @String{AmerStatAssoc = "Journal of the American Statistical Association" }
 @String{AmerStatAssoc = "J. Amer. Statist. Assoc." }
 @String{ApplMathComp = "Applied Mathematics and Computation" }
 @String{ApplMathComp = "Appl. Math. Comput." }
 @String{AmerMathMonthly = "American Mathematical Monthly" }
 @String{AmerMathMonthly = "Amer. Math. Monthly" }
 @String{BIT = "{BIT}" }
 @String{BritStatPsych = "British Journal of Mathematical and Statistical
          Psychology" }
 @String{BritStatPsych = "Brit. J. Math. Statist. Psych." }
 @String{CanMathBull = "Canadian Mathematical Bulletin" }
 @String{CanMathBull = "Canad. Math. Bull." }
 @String{CompApplMath = "Journal of Computational and Applied Mathematics" }
 @String{CompApplMath = "J. Comput. Appl. Math." }
 @String{CompPhys = "Journal of Computational Physics" }
 @String{CompPhys = "J. Comput. Phys." }
 @String{CompStruct = "Computers and Structures" }
 @String{CompStruct = "Comput. \& Structures" }
 @String{CompJour = "The Computer Journal" }
 @String{CompJour = "Comput. J." }
 @String{CompSysSci = "Journal of Computer and System Sciences" }
 @String{CompSysSci = "J. Comput. System Sci." }
 @String{Computing = "Computing" }
 @String{ContempMath = "Contemporary Mathematics" }
 @String{ContempMath = "Contemp. Math." }
 @String{Crelle = "Crelle's Journal" }
 @String{GiornaleMath = "Giornale di Mathematiche" }
 @String{GiornaleMath = "Giorn. Mat." } % didn't find in AMS MR., ibid.

 %IEEE
 @String{Computer = "{IEEE} Computer" }
 @String{IEEETransComp = "{IEEE} Transactions on Computers" }
 @String{IEEETransComp = "{IEEE} Trans. Comput." }
 @String{IEEETransAC = "{IEEE} Transactions on Automatic Control" }
 @String{IEEETransAC = "{IEEE} Trans. Automat. Control" }
 @String{IEEESpec = "{IEEE} Spectrum" } % didn't find in AMS MR
 @String{ProcIEEE = "Proceedings of the {IEEE}" }
 @String{ProcIEEE = "Proc. {IEEE}" } % didn't find in AMS MR
 @String{IEEETransAeroElec = "{IEEE} Transactions on Aerospace and Electronic
     Systems" }
 @String{IEEETransAeroElec = "{IEEE} Trans. Aerospace Electron. Systems" }

 @String{IMANumerAna = "{IMA} Journal of Numerical Analysis" }
 @String{IMANumerAna = "{IMA} J. Numer. Anal." }
 @String{InfProcLet = "Information Processing Letters" }
 @String{InfProcLet = "Inform. Process. Lett." }
 @String{InstMathApp = "Journal of the Institute of Mathematics and
     its Applications" }
 @String{InstMathApp = "J. Inst. Math. Appl." }
 @String{IntControl = "International Journal of Control" }
 @String{IntControl = "Internat. J. Control" }
 @String{IntNumerEng = "International Journal for Numerical Methods in
     Engineering" }
 @String{IntNumerEng = "Internat. J. Numer. Methods Engrg." }
 @String{IntSuper = "International Journal of Supercomputing Applications" }
 @String{IntSuper = "Internat. J. Supercomputing Applic." } % didn't find
%% in AMS MR
 @String{Kibernetika = "Kibernetika" }
 @String{JResNatBurStand = "Journal of Research of the National Bureau
     of Standards" }
 @String{JResNatBurStand = "J. Res. Nat. Bur. Standards" }
 @String{LinAlgApp = "Linear Algebra and its Applications" }
 @String{LinAlgApp = "Linear Algebra Appl." }
 @String{MathAnaAppl = "Journal of Mathematical Analysis and Applications" }
 @String{MathAnaAppl = "J. Math. Anal. Appl." }
 @String{MathAnnalen = "Mathematische Annalen" }
 @String{MathAnnalen = "Math. Ann." }
 @String{MathPhys = "Journal of Mathematical Physics" }
 @String{MathPhys = "J. Math. Phys." }
 @String{MathComp = "Mathematics of Computation" }
 @String{MathComp = "Math. Comp." }
 @String{MathScand = "Mathematica Scandinavica" }
 @String{MathScand = "Math. Scand." }
 @String{TablesAidsComp = "Mathematical Tables and Other Aids to Computation" }
 @String{TablesAidsComp = "Math. Tables Aids Comput." }
 @String{NumerMath = "Numerische Mathematik" }
 @String{NumerMath = "Numer. Math." }
 @String{PacificMath = "Pacific Journal of Mathematics" }
 @String{PacificMath = "Pacific J. Math." }
 @String{ParDistComp = "Journal of Parallel and Distributed Computing" }
 @String{ParDistComp = "J. Parallel and Distrib. Comput." } % didn't find
%% in AMS MR
 @String{ParComputing = "Parallel Computing" }
 @String{ParComputing = "Parallel Comput." }
 @String{PhilMag = "Philosophical Magazine" }
 @String{PhilMag = "Philos. Mag." }
 @String{ProcNAS = "Proceedings of the National Academy of Sciences
                    of the USA" }
 @String{ProcNAS = "Proc. Nat. Acad. Sci. U. S. A." }
 @String{Psychometrika = "Psychometrika" }
 @String{QuartMath = "Quarterly Journal of Mathematics, Oxford, Series (2)" }
 @String{QuartMath = "Quart. J. Math. Oxford Ser. (2)" }
 @String{QuartApplMath = "Quarterly of Applied Mathematics" }
 @String{QuartApplMath = "Quart. Appl. Math." }
 @String{RevueInstStat = "Review of the International Statisical Institute" }
 @String{RevueInstStat = "Rev. Inst. Internat. Statist." }

 %SIAM
 @String{JSIAM = "Journal of the Society for Industrial and Applied
     Mathematics" }
 @String{JSIAM = "J. Soc. Indust. Appl. Math." }
 @String{JSIAMB = "Journal of the Society for Industrial and Applied
     Mathematics, Series B, Numerical Analysis" }
 @String{JSIAMB = "J. Soc. Indust. Appl. Math. Ser. B Numer. Anal." }
 @String{SIAMAlgMeth = "{SIAM} Journal on Algebraic and Discrete Methods" }
 @String{SIAMAlgMeth = "{SIAM} J. Algebraic Discrete Methods" }
 @String{SIAMAppMath = "{SIAM} Journal on Applied Mathematics" }
 @String{SIAMAppMath = "{SIAM} J. Appl. Math." }
 @String{SIAMComp = "{SIAM} Journal on Computing" }
 @String{SIAMComp = "{SIAM} J. Comput." }
 @String{SIAMMatrix = "{SIAM} Journal on Matrix Analysis and Applications" }
 @String{SIAMMatrix = "{SIAM} J. Matrix Anal. Appl." }
 @String{SIAMNumAnal = "{SIAM} Journal on Numerical Analysis" }
 @String{SIAMNumAnal = "{SIAM} J. Numer. Anal." }
 @String{SIAMReview = "{SIAM} Review" }
 @String{SIAMReview = "{SIAM} Rev." }
 @String{SIAMSciStat = "{SIAM} Journal on Scientific and Statistical
     Computing" }
 @String{SIAMSciStat = "{SIAM} J. Sci. Statist. Comput." }

 @String{SoftPracExp = "Software Practice and Experience" }
 @String{SoftPracExp = "Software Prac. Experience" } % didn't find in AMS MR
 @String{StatScience = "Statistical Science" }
 @String{StatScience = "Statist. Sci." }
 @String{Techno = "Technometrics" }
 @String{USSRCompMathPhys = "{USSR} Computational Mathematics and Mathematical
     Physics" }
 @String{USSRCompMathPhys = "{U. S. S. R.} Comput. Math. and Math. Phys." }
 @String{VLSICompSys = "Journal of {VLSI} and Computer Systems" }
 @String{VLSICompSys = "J. {VLSI} Comput. Syst." }
 @String{ZAngewMathMech = "Zeitschrift fur Angewandte Mathematik und
     Mechanik" }
 @String{ZAngewMathMech = "Z. Angew. Math. Mech." }
 @String{ZAngewMathPhys = "Zeitschrift fur Angewandte Mathematik und Physik" }
 @String{ZAngewMathPhys = "Z. Angew. Math. Phys." }

% Publishers % ================================================= |

 @String{Academic = "Academic Press" }
 @String{ACMPress = "{ACM} Press" }
 @String{AdamHilger = "Adam Hilger" }
 @String{AddisonWesley = "Addison-Wesley" }
 @String{AllynBacon = "Allyn and Bacon" }
 @String{AMS = "American Mathematical Society" }
 @String{Birkhauser = "Birkha{\"u}ser" }
 @String{CambridgePress = "Cambridge University Press" }
 @String{Chelsea = "Chelsea" }
 @String{ClaredonPress = "Claredon Press" }
 @String{DoverPub = "Dover Publications" }
 @String{Eyolles = "Eyolles" }
 @String{HoltRinehartWinston = "Holt, Rinehart and Winston" }
 @String{Interscience = "Interscience" }
 @String{JohnsHopkinsPress = "The Johns Hopkins University Press" }
 @String{JohnWileySons = "John Wiley and Sons" }
 @String{Macmillan = "Macmillan" }
 @String{MathWorks = "The Math Works Inc." }
 @String{McGrawHill = "McGraw-Hill" }
 @String{NatBurStd = "National Bureau of Standards" }
 @String{NorthHolland = "North-Holland" }
 @String{OxfordPress = "Oxford University Press" }  %address Oxford or London?
 @String{PergamonPress = "Pergamon Press" }
 @String{PlenumPress = "Plenum Press" }
 @String{PrenticeHall = "Prentice-Hall" }
 @String{SIAMPub = "{SIAM} Publications" }
 @String{Springer = "Springer-Verlag" }
 @String{TexasPress = "University of Texas Press" }
 @String{VanNostrand = "Van Nostrand" }
 @String{WHFreeman = "W. H. Freeman and Co." }

%Entries

@article{chen2018learning,
  title={\href{https://arxiv.org/pdf/1805.08166}{Learning to optimize tensor programs}},
  author={Chen, Tianqi and Zheng, Lianmin and Yan, Eddie and Jiang, Ziheng and Moreau, Thierry and Ceze, Luis and Guestrin, Carlos and Krishnamurthy, Arvind},
  journal={arXiv preprint arXiv:1805.08166},
  year={2018}
}

@inproceedings{wang2021pet,
  title={PET: Optimizing Tensor Programs with Partially Equivalent Transformations and Automated Corrections},
  author={Wang, Haojie and Zhai, Jidong and Gao, Mingyu and Ma, Zixuan and Tang, Shizhi and Zheng, Liyan and Li, Yuanzhi and Rong, Kaiyuan and Chen, Yuanyong and Jia, Zhihao},
  booktitle={15th USENIX Symposium on Operating Systems Design and Implementation (OSDI 21)},
  pages={37--54},
  year={2021}
}

@inproceedings{jia2019taso,
  title={TASO: optimizing deep learning computation with automatic generation of graph substitutions},
  author={Jia, Zhihao and Padon, Oded and Thomas, James and Warszawski, Todd and Zaharia, Matei and Aiken, Alex},
  booktitle={Proceedings of the 27th ACM Symposium on Operating Systems Principles},
  pages={47--62},
  year={2019}
}

@article{li2021neurobfuscator,
  title={NeurObfuscator: A Full-stack Obfuscation Tool to Mitigate Neural Architecture Stealing},
  author={Li, Jingtao and He, Zhezhi and Rakin, Adnan Siraj and Fan, Deliang and Chakrabarti, Chaitali},
  journal={arXiv preprint arXiv:2107.09789},
  year={2021}
}

@misc{VTA_PYNQ_Z1,
  author={Tianqi Chen},
  title={PYNQ-Z1 TVM-VTA Core Configuration},
  url={https://github.com/apache/tvm-vta/blob/master/config/pynq_sample.json},
}

@misc{Pytorch-Conv2D,
  author={Pytorch},
  title={CONV2D},
  url={https://pytorch.org/docs/stable/generated/torch.nn.Conv2d.html},
}

@inproceedings{batina2019csi,
  title={CSINN: Reverse Engineering of Neural Network Architectures Through Electromagnetic Side Channel},
  author={Batina, Lejla and Bhasin, Shivam and Jap, Dirmanto and Picek, Stjepan},
  booktitle={28th USENIX Security Symposium (USENIX Security 19)},
  pages={515--532},
  year={2019}
}

@inproceedings{jagielski2020high,
  title={High accuracy and high fidelity extraction of neural networks},
  author={Jagielski, Matthew and Carlini, Nicholas and Berthelot, David and Kurakin, Alex and Papernot, Nicolas},
  booktitle={29th USENIX Security Symposium (USENIX Security 20)},
  pages={1345--1362},
  year={2020}
}

@inproceedings{yu2020deepem,
  title={DeepEM: Deep Neural Networks Model Recovery through EM Side-Channel Information Leakage},
  author={Yu, Honggang and Ma, Haocheng and Yang, Kaichen and Zhao, Yiqiang and Jin, Yier},
  booktitle={2020 IEEE International Symposium on Hardware Oriented Security and Trust (HOST)},
  pages={209--218},
  year={2020},
  organization={IEEE}
}

@article{moini2020remote,
  title={Remote Power Side-Channel Attacks on CNN Accelerators in FPGAs},
  author={Moini, Shayan and Tian, Shanquan and Szefer, Jakub and Holcomb, Daniel and Tessier, Russell},
  journal={arXiv preprint arXiv:2011.07603},
  year={2020}
}

@inproceedings{tian2021remote,
  title={Remote Power Attacks on the Versatile Tensor Accelerator in Multi-Tenant FPGAs},
  author={Tian, Shanquan and Moini, Shayan and Wolnikowski, Adam and Holcomb, Daniel and Tessier, Russell and Szefer, Jakub},
  booktitle={2021 IEEE 29th Annual International Symposium on Field-Programmable Custom Computing Machines (FCCM)},
  pages={242--246},
  year={2021},
  organization={IEEE}
}

@inproceedings{hu2020deepsniffer,
  title={DeepSniffer: A DNN Model Extraction Framework Based on Learning Architectural Hints},
  author={Hu, Xing and Liang, Ling and Li, Shuangchen and Deng, Lei and Zuo, Pengfei and Ji, Yu and Xie, Xinfeng and Ding, Yufei and Liu, Chang and Sherwood, Timothy and others},
  booktitle={Proceedings of the Twenty-Fifth International Conference on Architectural Support for Programming Languages and Operating Systems},
  pages={385--399},
  year={2020}
}

@inproceedings{zhu2021hermes,
  title={Hermes Attack: Steal DNN Models with Lossless Inference Accuracy},
  author={Zhu, Yuankun and Cheng, Yueqiang and Zhou, Husheng and Lu, Yantao},
  booktitle={30th USENIX Security Symposium (USENIX Security 21)},
  year={2021}
}

@inproceedings{yan2020cache,
  title={Cache telepathy: Leveraging shared resource attacks to learn DNN architectures},
  author={Yan, Mengjia and Fletcher, Christopher W and Torrellas, Josep},
  booktitle={29th USENIX Security Symposium (USENIX Security 20)},
  pages={2003--2020},
  year={2020}
}

@article{anderson2004power,
  title={Power estimation techniques for FPGAs},
  author={Anderson, Jason Helge and Najm, Farid N},
  journal={IEEE Transactions on Very Large Scale Integration (VLSI) Systems},
  volume={12},
  number={10},
  pages={1015--1027},
  year={2004},
  publisher={IEEE}
}

@misc{AaroniaP68:online,
author = {},
title = {Aaronia PBS2 E \& H Near Field Probe Set Sniffer DC to 6GHz with EMC Preamplifier},
howpublished = {\url{https://instrumentcenter.eu/products/emc-products/probes/aaronia-pbs2-e-h-near-field-probe-set-sniffer-dc-to-6ghz-with-emc-preamplifier}},
month = {},
year = {},
note = {(Accessed on 06/06/2021)}
}

@misc{Teledyne19:online,
author = {},
title = {Teledyne LeCroy - Oscilloscope},
howpublished = {\url{https://teledynelecroy.com/oscilloscope/}},
month = {},
year = {},
note = {(Accessed on 06/08/2021)}
}

@inproceedings{chen2018tvm,
  title={TVM: An automated end-to-end optimizing compiler for deep learning},
  author={Chen, Tianqi and Moreau, Thierry and Jiang, Ziheng and Zheng, Lianmin and Yan, Eddie and Shen, Haichen and Cowan, Meghan and Wang, Leyuan and Hu, Yuwei and Ceze, Luis and others},
  booktitle={13th USENIX Symposium on Operating Systems Design and Implementation (OSDI 18)},
  pages={578--594},
  year={2018}
}

@inproceedings{jouppi2017datacenter,
  title={In-datacenter performance analysis of a tensor processing unit},
  author={Jouppi, Norman P and Young, Cliff and Patil, Nishant and Patterson, David and Agrawal, Gaurav and Bajwa, Raminder and Bates, Sarah and Bhatia, Suresh and Boden, Nan and Borchers, Al and others},
  booktitle={Proceedings of the 44th annual international symposium on computer architecture},
  pages={1--12},
  year={2017}
}

@article{chen2016eyeriss,
  title={Eyeriss: A spatial architecture for energy-efficient dataflow for convolutional neural networks},
  author={Chen, Yu-Hsin and Emer, Joel and Sze, Vivienne},
  journal={ACM SIGARCH Computer Architecture News},
  volume={44},
  number={3},
  pages={367--379},
  year={2016},
  publisher={ACM New York, NY, USA}
}

@article{luo2016dadiannao,
  title={DaDianNao: A neural network supercomputer},
  author={Luo, Tao and Liu, Shaoli and Li, Ling and Wang, Yuqing and Zhang, Shijin and Chen, Tianshi and Xu, Zhiwei and Temam, Olivier and Chen, Yunji},
  journal={IEEE Transactions on Computers},
  volume={66},
  number={1},
  pages={73--88},
  year={2016},
  publisher={IEEE}
}

@article{moreau2018vta,
  title={VTA: an open hardware-software stack for deep learning},
  author={Moreau, Thierry and Chen, Tianqi and Jiang, Ziheng and Ceze, Luis and Guestrin, Carlos and Krishnamurthy, Arvind},
  journal={arXiv preprint arXiv:1807.04188},
  year={2018}
}

@online{Xilinx_DPU,
	title={DPU for Convolutional Neural Network},
	note={\url{https://www.xilinx.com/products/intellectual-property/dpu.html}}
}

@inproceedings{gnad2017voltage,
  title={Voltage drop-based fault attacks on FPGAs using valid bitstreams},
  author={Gnad, Dennis RE and Oboril, Fabian and Tahoori, Mehdi B},
  booktitle={2017 27th International Conference on Field Programmable Logic and Applications (FPL)},
  pages={1--7},
  year={2017},
  organization={IEEE}
}

@inproceedings{zhou2021deep,
  title={Deep Neural Network Security From a Hardware Perspective},
  author={Zhou, Tong and Zhang, Yuheng and Duan, Shijin and Luo, Yukui and Xu, Xiaolin},
  booktitle={2021 IEEE/ACM International Symposium on Nanoscale Architectures (NANOARCH)},
  pages={1--6},
  year={2021},
  organization={IEEE}
}

@inproceedings{luo2021deepstrike,
  title={Deepstrike: Remotely-guided fault injection attacks on dnn accelerator in cloud-fpga},
  author={Luo, Yukui and Gongye, Cheng and Fei, Yunsi and Xu, Xiaolin},
  booktitle={2021 58th ACM/IEEE Design Automation Conference (DAC)},
  pages={295--300},
  year={2021},
  organization={IEEE}
}

@inproceedings{rakin2021deep,
  title={Deep-Dup: An Adversarial Weight Duplication Attack Framework to Crush Deep Neural Network in Multi-TenantFPGA},
  author={Rakin, Adnan Siraj and Luo, Yukui and Xu, Xiaolin and Fan, Deliang},
  booktitle={30th USENIX Security Symposium (USENIX Security 21)},
  pages={1919--1936},
  year={2021}
}

@inproceedings{zheng2020ansor,
  title={Ansor: Generating high-performance tensor programs for deep learning},
  author={Zheng, Lianmin and Jia, Chengfan and Sun, Minmin and Wu, Zhao and Yu, Cody Hao and Haj-Ali, Ameer and Wang, Yida and Yang, Jun and Zhuo, Danyang and Sen, Koushik and others},
  booktitle={Proceedings of the 14th USENIX Conference on Operating Systems Design and Implementation},
  pages={863--879},
  year={2020}
}

@article{cubuk2017intriguing,
	title        = {Intriguing properties of adversarial examples},
	author       = {Cubuk, Ekin D and Zoph, Barret and Schoenholz, Samuel S and Le, Quoc V},
	year         = 2018,
	journal      = {ICLR workshop}
}

@article{goodfellow2014explaining,
	title        = {Explaining and harnessing adversarial examples},
	author       = {Goodfellow, Ian J and Shlens, Jonathon and Szegedy, Christian},
	year         = 2014,
	journal      = {arXiv preprint arXiv:1412.6572}
}

@inproceedings{
madry2018towards,
title={Towards Deep Learning Models Resistant to Adversarial Attacks},
author={Aleksander Madry and Aleksandar Makelov and Ludwig Schmidt and Dimitris Tsipras and Adrian Vladu},
booktitle={International Conference on Learning Representations},
year={2018},
url={https://openreview.net/forum?id=rJzIBfZAb},
}


@inproceedings{he2019parametric,
  title={Parametric noise injection: Trainable randomness to improve deep neural network robustness against adversarial attack},
  author={He, Zhezhi and Rakin, Adnan Siraj and Fan, Deliang},
  booktitle={Proceedings of the IEEE Conference on Computer Vision and Pattern Recognition},
  pages={588--597},
  year={2019}
}

@inproceedings{
raghunathan2018certified,
title={Certified Defenses against Adversarial Examples },
author={Aditi Raghunathan and Jacob Steinhardt and Percy Liang},
booktitle={International Conference on Learning Representations},
year={2018},
url={https://openreview.net/forum?id=Bys4ob-Rb},
}

@inproceedings{yao2020deephammer,
  title={DeepHammer: Depleting the Intelligence of Deep Neural Networksthrough Targeted Chain of Bit Flips},
  author={Yao, Fan and Rakin, Adnan and Fan, Deliang},
  booktitle={29th USENIX Security Symposium (USENIX Security 20)},
  pages={},
  year={2020}
}

@inproceedings{hong2019terminal,
  title={Terminal brain damage: Exposing the graceless degradation in deep neural networks under hardware fault attacks},
  author={Hong, Sanghyun and Frigo, Pietro and Kaya, Yi{\u{g}}itcan and Giuffrida, Cristiano and Dumitraș, Tudor},
  booktitle={28th USENIX Security Symposium (USENIX Security 19)},
  pages={497--514},
  year={2019}
}

@inproceedings{rakin2019bit,
  title={Bit-flip attack: Crushing neural network with progressive bit search},
  author={Rakin, Adnan Siraj and He, Zhezhi and Fan, Deliang},
  booktitle={Proceedings of the IEEE International Conference on Computer Vision},
  pages={1211--1220},
  year={2019}
}

@inproceedings{kim2014flipping,
  title={Flipping bits in memory without accessing them: An experimental study of DRAM disturbance errors},
  author={Kim, Yoongu and Daly, Ross and Kim, Jeremie and Fallin, Chris and Lee, Ji Hye and Lee, Donghyuk and Wilkerson, Chris and Lai, Konrad and Mutlu, Onur},
  booktitle={ACM SIGARCH Computer Architecture News},
  volume={42},
  number={3},
  pages={361--372},
  year={2014},
  organization={IEEE Press}
}

@inproceedings{rakin2020tbt,
  title={\href{https://openaccess.thecvf.com/content_CVPR_2020/papers/Rakin_TBT_Targeted_Neural_Network_Attack_With_Bit_Trojan_CVPR_2020_paper.pdf}{TBT: Targeted Neural Network Attack with Bit Trojan}},
  author={Rakin, Adnan Siraj and He, Zhezhi and Fan, Deliang},
  booktitle={Proceedings of the IEEE/CVF Conference on Computer Vision and Pattern Recognition (CVPR)},
  pages={13198--13207},
  year={2020}
}

@article{rakin2021t,
  title={T-bfa: Targeted bit-flip adversarial weight attack},
  author={Rakin, Adnan Siraj and He, Zhezhi and Li, Jingtao and Yao, Fan and Chakrabarti, Chaitali and Fan, Deliang},
  journal={IEEE Transactions on Pattern Analysis and Machine Intelligence},
  volume={44},
  number={11},
  pages={7928--7939},
  year={2021},
  publisher={IEEE}
}

@inproceedings{chen2021proflip,
  title={Proflip: Targeted trojan attack with progressive bit flips},
  author={Chen, Huili and Fu, Cheng and Zhao, Jishen and Koushanfar, Farinaz},
  booktitle={Proceedings of the IEEE/CVF International Conference on Computer Vision},
  pages={7718--7727},
  year={2021}
}

@inproceedings{li2020defending,
  title={Defending bit-flip attack through dnn weight reconstruction},
  author={Li, Jingtao and Rakin, Adnan Siraj and Xiong, Yan and Chang, Liangliang and He, Zhezhi and Fan, Deliang and Chakrabarti, Chaitali},
  booktitle={2020 57th ACM/IEEE Design Automation Conference (DAC)},
  pages={1--6},
  year={2020},
  organization={IEEE}
}
@article{liu2022generating,
  title={Generating Robust DNN with Resistance to Bit-Flip based Adversarial Weight Attack},
  author={Liu, Liang and Guo, Yanan and Cheng, Yueqiang and Zhang, Youtao and Yang, Jun},
  journal={IEEE Transactions on Computers},
  year={2022},
  publisher={IEEE}
}


@inproceedings{saileshwar2022randomized,
  title={Randomized row-swap: mitigating Row Hammer by breaking spatial correlation between aggressor and victim rows},
  author={Saileshwar, Gururaj and Wang, Bolin and Qureshi, Moinuddin and Nair, Prashant J},
  booktitle={Proceedings of the 27th ACM International Conference on Architectural Support for Programming Languages and Operating Systems},
  pages={1056--1069},
  year={2022}
}
@INPROCEEDINGS{9207351,
  author={Venceslai, Valerio and Marchisio, Alberto and Alouani, Ihsen and Martina, Maurizio and Shafique, Muhammad},
  booktitle={2020 International Joint Conference on Neural Networks (IJCNN)}, 
  title={NeuroAttack: Undermining Spiking Neural Networks Security through Externally Triggered Bit-Flips}, 
  year={2020},
  volume={},
  number={},
  pages={1-8},
  doi={10.1109/IJCNN48605.2020.9207351}}
@article{woo2022scalable,
  title={Scalable and Secure Row-Swap: Efficient and Safe Row Hammer Mitigation in Memory Systems},
  author={Woo, Jeonghyun and Saileshwar, Gururaj and Nair, Prashant J},
  journal={arXiv preprint arXiv:2212.12613},
  year={2022}
}

@article{warden2018speech,
  title={Speech commands: A dataset for limited-vocabulary speech recognition},
  author={Warden, Pete},
  journal={arXiv preprint arXiv:1804.03209},
  year={2018}
}

@inproceedings{picek2014evolving,
  title={Evolving genetic algorithms for fault injection attacks},
  author={Picek, Stjepan and Batina, Lejla and Jakobovi{\'c}, Domagoj and Carpi, Rafael Boix},
  booktitle={2014 37th International Convention on Information and Communication Technology, Electronics and Microelectronics (MIPRO)},
  pages={1106--1111},
  year={2014},
  organization={IEEE}
}

@inproceedings{he2020defending,
  title={Defending and harnessing the bit-flip based adversarial weight attack},
  author={He, Zhezhi and Rakin, Adnan Siraj and Li, Jingtao and Chakrabarti, Chaitali and Fan, Deliang},
  booktitle={Proceedings of the IEEE/CVF Conference on Computer Vision and Pattern Recognition},
  pages={14095--14103},
  year={2020}
}

@inproceedings{deng2009imagenet,
  title={Imagenet: A large-scale hierarchical image database},
  author={Deng, Jia and Dong, Wei and Socher, Richard and Li, Li-Jia and Li, Kai and Fei-Fei, Li},
  booktitle={2009 IEEE conference on computer vision and pattern recognition},
  pages={248--255},
  year={2009},
  organization={Ieee}
}
@inproceedings{sandler2018mobilenetv2,
  title={Mobilenetv2: The next generation of on-device computer vision networks},
  author={Sandler, Mark and Howard, Andrew and Zhu, M and Zhmoginov, A and Chen, LC},
  booktitle={CVPR},
  year={2018}
}

@article{simonyan2014very,
  title={Very deep convolutional networks for large-scale image recognition},
  author={Simonyan, Karen and Zisserman, Andrew},
  journal={arXiv preprint arXiv:1409.1556},
  year={2014}
}
@article{krizhevsky2009learning,
  title={Learning multiple layers of features from tiny images},
  author={Krizhevsky, Alex and Hinton, Geoffrey and others},
  year={2009},
  publisher={Toronto, ON, Canada}
}
@article{devlin2018bert,
  title={Bert: Pre-training of deep bidirectional transformers for language understanding},
  author={Devlin, Jacob and Chang, Ming-Wei and Lee, Kenton and Toutanova, Kristina},
  journal={arXiv preprint arXiv:1810.04805},
  year={2018}
}

@inproceedings{he2015delving,
	title        = {Delving deep into rectifiers: Surpassing human-level performance on imagenet classification},
	author       = {He, Kaiming and Zhang, Xiangyu and Ren, Shaoqing and Sun, Jian},
	year         = 2015,
	booktitle    = {Proceedings of the IEEE international conference on computer vision},
	pages        = {1026--1034}
}

@misc{ref:aws,
  title={Cloud Computing Services - Amazon Web Services (AWS)},
  url={https://aws.amazon.com/},
}

@misc{ref:azure,
  title={Microsoft Azure: Cloud Computing Services},
  url={https://azure.microsoft.com/en-us},
}

@misc{ref:google,
  title={Google Cloud Platform (GCP) - Google Cloud Platform},
  url={https://cloud.google.com/},
}

@misc{ref:paas,
  title={What is PaaS?},
  url={https://azure.microsoft.com/en-gb/resources/cloud-computing-dictionary/what-is-paas/},
}

@misc{ref:Iaas,
  title={What is IaaS?},
  url={https://azure.microsoft.com/en-gb/resources/cloud-computing-dictionary/what-is-iaas/},
}

@misc{ref:hypervisor,
  title={What is a Hypervisor?},
  url={https://aws.amazon.com/what-is/hypervisor/},
}

@misc{ref:vck5000,
  title={VCK5000 Versal Development Card},
  url={https://www.xilinx.com/products/boards-and-kits/vck5000.html},
}

@misc{ref:A100,
  title={NVIDIA A100 Tensor Core GPU},
  url={https://www.nvidia.com/en-us/data-center/a100/},
}

@inproceedings{reddi2020mlperf,
  title={Mlperf inference benchmark},
  author={Reddi, Vijay Janapa and Cheng, Christine and Kanter, David and Mattson, Peter and Schmuelling, Guenther and Wu, Carole-Jean and Anderson, Brian and Breughe, Maximilien and Charlebois, Mark and Chou, William and others},
  booktitle={2020 ACM/IEEE 47th Annual International Symposium on Computer Architecture (ISCA)},
  pages={446--459},
  year={2020},
  organization={IEEE}
}

@misc{ref:FPGA_vs_GPU,
  title={AMD/Xilinx Takes Aim at Nvidia with Improved VCK5000 Inferencing Card},
  url={https://www.hpcwire.com/2022/03/08/amd-xilinx-takes-aim-at-nvidia-with-improved-vck5000-inferencing-card/},
}

@article{krautter2018fpgahammer,
  title={FPGAhammer: Remote voltage fault attacks on shared FPGAs, suitable for DFA on AES},
  author={Krautter, Jonas and Gnad, Dennis RE and Tahoori, Mehdi B},
  journal={IACR Transactions on Cryptographic Hardware and Embedded Systems},
  pages={44--68},
  year={2018}
}

@inproceedings{zha2020virtualizing,
  title={Virtualizing FPGAs in the cloud},
  author={Zha, Yue and Li, Jing},
  booktitle={Proceedings of the Twenty-Fifth International Conference on Architectural Support for Programming Languages and Operating Systems},
  pages={845--858},
  year={2020}
}

@inproceedings{khawaja2018sharing,
  title={Sharing, protection, and compatibility for reconfigurable fabric with amorphos},
  author={Khawaja, Ahmed and Landgraf, Joshua and Prakash, Rohith and Wei, Michael and Schkufza, Eric and Rossbach, Christopher J},
  booktitle={13th USENIX Symposium on Operating Systems Design and Implementation (OSDI 18)},
  pages={107--127},
  year={2018}
}

@inproceedings{korolija2020abstractions,
  title={Do OS abstractions make sense on FPGAs?},
  author={Korolija, Dario and Roscoe, Timothy and Alonso, Gustavo},
  booktitle={Proceedings of the 14th USENIX Conference on Operating Systems Design and Implementation},
  pages={991--1010},
  year={2020}
}

@inproceedings{ma2020hypervisor,
  title={A hypervisor for shared-memory FPGA platforms},
  author={Ma, Jiacheng and Zuo, Gefei and Loughlin, Kevin and Cheng, Xiaohe and Liu, Yanqiang and Eneyew, Abel Mulugeta and Qi, Zhengwei and Kasikci, Baris},
  booktitle={Proceedings of the Twenty-Fifth International Conference on Architectural Support for Programming Languages and Operating Systems},
  pages={827--844},
  year={2020}
}


@article{la2020fpgadefender,
  title={Fpgadefender: Malicious self-oscillator scanning for xilinx ultrascale+ fpgas},
  author={La, Tuan Minh and Matas, Kaspar and Grunchevski, Nikola and Pham, Khoa Dang and Koch, Dirk},
  journal={ACM Transactions on Reconfigurable Technology and Systems (TRETS)},
  volume={13},
  number={3},
  pages={1--31},
  year={2020},
  publisher={ACM New York, NY, USA}
}

@misc{ref:SSI,
  title={Xilinx Stacked Silicon Interconnect Technology Delivers Breakthrough FPGA Capacity, Bandwidth, and Power Efficiency},
  url={https://docs.xilinx.com/v/u/en-US/wp380\_Stacked\_Silicon\_Interconnect\_Technolog},
}

@misc{ref:DFX,
  title={Vivado Design Suite User Guide: Dynamic Function eXchange (UG909)},
  url={https://docs.xilinx.com/r/en-US/ug909-vivado-partial-reconfiguration/Introduction-to-Dynamic-Function-eXchange},
}

@misc{ref:U280,
  title={Alveo U280 Data Center Accelerator Card Data Sheet},
  url={https://www.xilinx.com/content/dam/xilinx/support/documents/ data\_sheets/ds963\-u280.pdf},
}

@misc{ref:ZCU104,
  title={ZCU104 Board User Guide (UG1267)},
  url={https://docs.xilinx.com/v/u/en-US/ug1267-zcu104-eval-bd},
}

@article{zhang2011fsim,
  title={FSIM: A feature similarity index for image quality assessment},
  author={Zhang, Lin and Zhang, Lei and Mou, Xuanqin and Zhang, David},
  journal={IEEE transactions on Image Processing},
  volume={20},
  number={8},
  pages={2378--2386},
  year={2011},
  publisher={IEEE}
}

@article{cifar100,
title= {CIFAR-100 (Canadian Institute for Advanced Research)},
journal= {},
author= {Alex Krizhevsky and Vinod Nair and Geoffrey Hinton},
year= {},
url= {http://www.cs.toronto.edu/~kriz/cifar.html},
abstract= {This dataset is just like the CIFAR-10, except it has 100 classes containing 600 images each. There are 500 training images and 100 testing images per class. The 100 classes in the CIFAR-100 are grouped into 20 superclasses. Each image comes with a "fine" label (the class to which it belongs) and a "coarse" label (the superclass to which it belongs).
Here is the list of classes in the CIFAR-100:

Superclass	Classes
aquatic mammals	beaver, dolphin, otter, seal, whale
fish	aquarium fish, flatfish, ray, shark, trout
flowers	orchids, poppies, roses, sunflowers, tulips
food containers	bottles, bowls, cans, cups, plates
fruit and vegetables	apples, mushrooms, oranges, pears, sweet peppers
household electrical devices	clock, computer keyboard, lamp, telephone, television
household furniture	bed, chair, couch, table, wardrobe
insects	bee, beetle, butterfly, caterpillar, cockroach
large carnivores	bear, leopard, lion, tiger, wolf
large man-made outdoor things	bridge, castle, house, road, skyscraper
large natural outdoor scenes	cloud, forest, mountain, plain, sea
large omnivores and herbivores	camel, cattle, chimpanzee, elephant, kangaroo
medium-sized mammals	fox, porcupine, possum, raccoon, skunk
non-insect invertebrates	crab, lobster, snail, spider, worm
people	baby, boy, girl, man, woman
reptiles	crocodile, dinosaur, lizard, snake, turtle
small mammals	hamster, mouse, rabbit, shrew, squirrel
trees	maple, oak, palm, pine, willow
vehicles 1	bicycle, bus, motorcycle, pickup truck, train
vehicles 2	lawn-mower, rocket, streetcar, tank, tractor

Yes, I know mushrooms aren't really fruit or vegetables and bears aren't really carnivores. },
keywords= {Dataset},
terms= {}
}

@article{moreau2019hardware,
  title={A hardware--software blueprint for flexible deep learning specialization},
  author={Moreau, Thierry and Chen, Tianqi and Vega, Luis and Roesch, Jared and Yan, Eddie and Zheng, Lianmin and Fromm, Josh and Jiang, Ziheng and Ceze, Luis and Guestrin, Carlos and others},
  journal={IEEE Micro},
  volume={39},
  number={5},
  pages={8--16},
  year={2019},
  publisher={IEEE}
}

@INPROCEEDINGS{img_clf,
  author={He, Kaiming and Zhang, Xiangyu and Ren, Shaoqing and Sun, Jian},
  booktitle={2016 IEEE Conference on Computer Vision and Pattern Recognition (CVPR)}, 
  title={Deep Residual Learning for Image Recognition}, 
  year={2016},
  volume={},
  number={},
  pages={770-778},
  doi={10.1109/CVPR.2016.90}}

@article{xiong2016achieving,
  title={Achieving human parity in conversational speech recognition},
  author={Xiong, Wayne and Droppo, Jasha and Huang, Xuedong and Seide, Frank and Seltzer, Mike and Stolcke, Andreas and Yu, Dong and Zweig, Geoffrey},
  journal={arXiv preprint arXiv:1610.05256},
  year={2016}
}



@article{linearity1,
  title={Phase diagram for two-layer relu neural networks at infinite-width limit},
  author={Luo, Tao and Xu, Zhi-Qin John and Ma, Zheng and Zhang, Yaoyu},
  journal={The Journal of Machine Learning Research},
  volume={22},
  number={1},
  pages={3327--3373},
  year={2021},
  publisher={JMLRORG}
}

@article{linearity2,
  title={Wide neural networks of any depth evolve as linear models under gradient descent},
  author={Lee, Jaehoon and Xiao, Lechao and Schoenholz, Samuel and Bahri, Yasaman and Novak, Roman and Sohl-Dickstein, Jascha and Pennington, Jeffrey},
  journal={Advances in neural information processing systems},
  volume={32},
  year={2019}
}

@INPROCEEDINGS{linearity3,
  author={Ahmed, Sabbir and Nozari, Erfan},
  booktitle={2022 IEEE 61st Conference on Decision and Control (CDC)}, 
  title={On the Linearizing Effect of Spatial Averaging in Large-Scale Populations of Homogeneous Nonlinear Systems}, 
  year={2022},
  volume={},
  number={},
  pages={641-648},
  doi={10.1109/CDC51059.2022.9993260}}

@INPROCEEDINGS{linearity4,
  author={Ahmed, Sabbir and Nozari, Erfan},
  booktitle={2023 American Control Conference (ACC)}, 
  title={On the Linearizing Effect of Temporal Averaging in Nonlinear Dynamical Systems}, 
  year={2023},
  volume={},
  number={},
  pages={4185-4190},
  doi={10.23919/ACC55779.2023.10155808}}


@article{linearity5,
  title={On the linearity of large non-linear models: when and why the tangent kernel is constant},
  author={Liu, Chaoyue and Zhu, Libin and Belkin, Misha},
  journal={Advances in Neural Information Processing Systems},
  volume={33},
  pages={15954--15964},
  year={2020}
}

@article{linearity6,
  title={Neural tangent kernel: Convergence and generalization in neural networks},
  author={Jacot, Arthur and Gabriel, Franck and Hongler, Cl{\'e}ment},
  journal={Advances in neural information processing systems},
  volume={31},
  year={2018}
}

@InProceedings{shufflenet,
author = {Ma, Ningning and Zhang, Xiangyu and Zheng, Hai-Tao and Sun, Jian},
title = {ShuffleNet V2: Practical Guidelines for Efficient CNN Architecture Design},
booktitle = {Proceedings of the European Conference on Computer Vision (ECCV)},
month = {September},
year = {2018}
}

@inproceedings{mobilenet,
  title={Mobilenetv2: Inverted residuals and linear bottlenecks},
  author={Sandler, Mark and Howard, Andrew and Zhu, Menglong and Zhmoginov, Andrey and Chen, Liang-Chieh},
  booktitle={Proceedings of the IEEE conference on computer vision and pattern recognition},
  pages={4510--4520},
  year={2018}
}

@inproceedings{repvgg,
  title={Repvgg: Making vgg-style convnets great again},
  author={Ding, Xiaohan and Zhang, Xiangyu and Ma, Ningning and Han, Jungong and Ding, Guiguang and Sun, Jian},
  booktitle={Proceedings of the IEEE/CVF conference on computer vision and pattern recognition},
  pages={13733--13742},
  year={2021}
}

@article{gu2019badnets,
  title={\href{https://ieeexplore.ieee.org/stamp/stamp.jsp?tp=&arnumber=8685687}{Badnets: Evaluating backdooring attacks on deep neural networks}},
  author={Gu, Tianyu and Liu, Kang and Dolan-Gavitt, Brendan and Garg, Siddharth},
  journal={IEEE Access},
  volume={7},
  pages={47230--47244},
  year={2019},
  publisher={IEEE}
}

@inproceedings{spectre,
  title={Spectre: Defending against backdoor attacks using robust statistics},
  author={Hayase, Jonathan and Kong, Weihao and Somani, Raghav and Oh, Sewoong},
  booktitle={International Conference on Machine Learning},
  pages={4129--4139},
  year={2021},
  organization={PMLR}
}
@inproceedings{NC,
  title={Neural cleanse: Identifying and mitigating backdoor attacks in neural networks},
  author={Wang, Bolun and Yao, Yuanshun and Shan, Shawn and Li, Huiying and Viswanath, Bimal and Zheng, Haitao and Zhao, Ben Y},
  booktitle={2019 IEEE Symposium on Security and Privacy (SP)},
  pages={707--723},
  year={2019},
  organization={IEEE}
}
@inproceedings{
NAD,
title={Neural Attention Distillation: Erasing Backdoor Triggers from Deep Neural Networks},
author={Yige Li and Xixiang Lyu and Nodens Koren and Lingjuan Lyu and Bo Li and Xingjun Ma},
booktitle={International Conference on Learning Representations},
year={2021},
url={https://openreview.net/forum?id=9l0K4OM-oXE}
}

@inproceedings{clp,
  title={\href{https://arxiv.org/pdf/2208.03111}{Data-free backdoor removal based on channel lipschitzness}},
  author={Zheng, Runkai and Tang, Rongjun and Li, Jianze and Liu, Li},
  booktitle={Computer Vision--ECCV 2022: 17th European Conference, Tel Aviv, Israel, October 23--27, 2022, Proceedings, Part V},
  pages={175--191},
  year={2022},
  organization={Springer}
}

@ARTICLE{dfr_tsd,
  author={Ahmed, Sabbir and Kamal, Uday and Hasan, Md. Kamrul},
  journal={IEEE Transactions on Intelligent Transportation Systems}, 
  title={DFR-TSD: A Deep Learning Based Framework for Robust Traffic Sign Detection Under Challenging Weather Conditions}, 
  year={2022},
  volume={23},
  number={6},
  pages={5150-5162},
  doi={10.1109/TITS.2020.3048878}}


@inproceedings{dai2017very,
  title={Very deep convolutional neural networks for raw waveforms},
  author={Dai, Wei and Dai, Chia and Qu, Shuhui and Li, Juncheng and Das, Samarjit},
  booktitle={2017 IEEE international conference on acoustics, speech and signal processing (ICASSP)},
  pages={421--425},
  year={2017},
  organization={IEEE}
}

@misc{ADAS,
	title = {{Automotive Solutions}},
	url = {https://www.amd.com/en/solutions/automotive.html}
}

@article{subaru,
	author = {Chiappetta, Marco},
	title = {{Subaru Taps Xilinx For Its New EyeSight Vision-Based Advanced Driver-Assistance System}},
	year = {2020},
	month = aug,
	publisher = {Forbes},
	url = {https://www.forbes.com/sites/marcochiappetta/2020/08/19/subaru-taps-xilinx-for-its-new-eyesight-vision-based-advanced-driver-assistance-system/?sh=2336702c71f5}
}

@inproceedings{luo2022cautionary,
  title={A Cautionary Note on Building Multi-tenant Cloud-FPGA as a Secure Infrastructure},
  author={Luo, Yukui and Zhang, Yuheng and Duan, Shijin and Xu, Xiaolin},
  booktitle={2022 International Conference on Field-Programmable Technology (ICFPT)},
  pages={1--6},
  year={2022},
  organization={IEEE}
}

@online{aliyun_F3,
	title={Create an f3 instance},
	note={\url{https://www.alibabacloud.com/help/en/elastic-compute-service/latest/create-an-f3-instance}}
}

@online{AWS_F1,
	title={Developer Preview – EC2 Instances (F1) with Programmable Hardware},
	note={\url{https://aws.amazon.com/cn/blogs/aws/developer-preview-ec2-instances-f1-with-programmable-hardware/}}
}
@inproceedings{he2019bfa,
 title={Bit-Flip Attack: Crushing Neural Network with Progressive Bit Search},
 author={Adnan Siraj Rakin and He, Zhezhi and Fan, Deliang},
 booktitle={Proceedings of the IEEE International Conference on Computer Vision (ICCV)},
 pages={1211-1220},
 year={2019}
}

@inproceedings{benevenuti2018comparative,
  title={Comparative analysis of inference errors in a neural network implemented in SRAM-based FPGA induced by neutron irradiation and fault injection methods},
  author={Benevenuti, Fabio and Libano, Fabiano and Pouget, Vincent and Kastensmidt, Fernanda Lima and Rech, Paolo},
  booktitle={2018 31st Symposium on Integrated Circuits and Systems Design (SBCCI)},
  pages={1--6},
  year={2018},
  organization={IEEE}
}

@misc{vitis_ai_model_zoo,
  title        = {Vitis AI Model Zoo},
  howpublished = {\url{https://github.com/Xilinx/Vitis-AI/tree/master/model\_zoo}},
}

@misc{speech_tutorial,
title = {SPEECH COMMAND CLASSIFICATION WITH TORCHAUDIO},
howpublished = {\url{https://pytorch.org/tutorials/intermediate/speech\_command\_classification\_with\_torchaudio\_tutorial.html}},

}



@inproceedings{seshadri2017ambit,
  title={Ambit: In-memory accelerator for bulk bitwise operations using commodity DRAM technology},
  author={Seshadri, Vivek and Lee, Donghyuk and Mullins, Thomas and Hassan, Hasan and Boroumand, Amirali and Kim, Jeremie and Kozuch, Michael A and Mutlu, Onur and Gibbons, Phillip B and Mowry, Todd C},
  booktitle={2017 50th Annual IEEE/ACM International Symposium on Microarchitecture (MICRO)},
  pages={273--287},
  year={2017},
  organization={IEEE}
}

@inproceedings{hajinazar2021simdram,
  title={SIMDRAM: a framework for bit-serial SIMD processing using DRAM},
  author={Hajinazar, Nastaran and Oliveira, Geraldo F and Gregorio, Sven and Ferreira, Jo{\~a}o Dinis and Ghiasi, Nika Mansouri and Patel, Minesh and Alser, Mohammed and Ghose, Saugata and G{\'o}mez-Luna, Juan and Mutlu, Onur},
  booktitle={Proceedings of the 26th ACM International Conference on Architectural Support for Programming Languages and Operating Systems},
  pages={329--345},
  year={2021}
}


@inproceedings{rakin2022deepsteal,
  title={Deepsteal: Advanced model extractions leveraging efficient weight stealing in memories},
  author={Rakin, Adnan Siraj and Chowdhuryy, Md Hafizul Islam and Yao, Fan and Fan, Deliang},
  booktitle={2022 IEEE Symposium on Security and Privacy (SP)},
  pages={1157--1174},
  year={2022},
  organization={IEEE}
}

@inproceedings{li2020defending,
  title={Defending bit-flip attack through DNN weight reconstruction},
  author={Li, Jingtao and Rakin, Adnan Siraj and Xiong, Yan and Chang, Liangliang and He, Zhezhi and Fan, Deliang and Chakrabarti, Chaitali},
  booktitle={2020 57th ACM/IEEE Design Automation Conference (DAC)},
  pages={1--6},
  year={2020},
  organization={IEEE}
}

@article{liuneuropots,
  title={NeuroPots: Realtime Proactive Defense against Bit-Flip Attacks in Neural Networks},
  author={Liu, Qi and Yin, Jieming and Wen, Wujie and Yang, Chengmo and Sha, Shi},
  booktitle={USENIX Security Symposium},
  year={2023}
}


@article{li2021radar,
  title={RADAR: Run-time Adversarial Weight Attack Detection and Accuracy Recovery},
  author={Li, Jingtao and Rakin, Adnan Siraj and He, Zhezhi and Fan, Deliang and Chakrabarti, Chaitali},
  journal={arXiv preprint arXiv:2101.08254},
  year={2021}
}

@misc{krizhevsky2010cifar,
  title={Cifar-10 (canadian institute for advanced research)},
  author={Krizhevsky, Alex and Nair, Vinod and Hinton, Geoffrey},
  year={2010}
}

@article{vgg11,
  title={Very deep convolutional networks for large-scale image recognition},
  author={Simonyan, Karen and Zisserman, Andrew},
  journal={arXiv preprint arXiv:1409.1556},
  year={2014}
}

@inproceedings{he2016deep,
  title={Deep residual learning for image recognition},
  author={He, Kaiming and Zhang, Xiangyu and Ren, Shaoqing and Sun, Jian},
  booktitle={Proceedings of the IEEE conference on computer vision and pattern recognition},
  pages={770--778},
  year={2016}
}

@inproceedings{he2020defending,
  title={Defending and harnessing the bit-flip based adversarial weight attack},
  author={He, Zhezhi and Rakin, Adnan Siraj and Li, Jingtao and Chakrabarti, Chaitali and Fan, Deliang},
  booktitle={Proceedings of the IEEE/CVF Conference on Computer Vision and Pattern Recognition},
  pages={14095--14103},
  year={2020}
}

@article{zhang2021stealing,
  title={Stealing neural network structure through remote fpga side-channel analysis},
  author={Zhang, Yicheng and Yasaei, Rozhin and Chen, Hao and Li, Zhou and Al Faruque, Mohammad Abdullah},
  journal={IEEE Transactions on Information Forensics and Security},
  volume={16},
  pages={4377--4388},
  year={2021},
  publisher={IEEE}
}





@inproceedings{li2017drisa,
  title={Drisa: A dram-based reconfigurable in-situ accelerator},
  author={Li, Shuangchen and Niu, Dimin and Malladi, Krishna T and Zheng, Hongzhong and Brennan, Bob and Xie, Yuan},
  booktitle={2017 50th Annual IEEE/ACM International Symposium on Microarchitecture (MICRO)},
  pages={288--301},
  year={2017},
  organization={IEEE}
}

@inproceedings{angizi2019graphide,
  title={Graphide: A graph processing accelerator leveraging in-dram-computing},
  author={Angizi, Shaahin and Fan, Deliang},
  booktitle={Proceedings of the 2019 on Great Lakes Symposium on VLSI},
  pages={45--50},
  year={2019}
}

@inproceedings{zhou2022flexidram,
  title={FlexiDRAM: A Flexible in-DRAM Framework to Enable Parallel General-Purpose Computation},
  author={Zhou, Ranyang and Roohi, Arman and Misra, Durga and Angizi, Shaahin},
  booktitle={Proceedings of the ACM/IEEE International Symposium on Low Power Electronics and Design},
  pages={1--6},
  year={2022}
}

@article{ferreira2021pluto,
  title={pluto: In-dram lookup tables to enable massively parallel general-purpose computation},
  author={Ferreira, Jo{\~a}o Dinis and Falcao, Gabriel and G{\'o}mez-Luna, Juan and Alser, Mohammed and Orosa, Lois and Sadrosadati, Mohammad and Kim, Jeremie S and Oliveira, Geraldo F and Shahroodi, Taha and Nori, Anant and others},
  journal={arXiv preprint arXiv:2104.07699},
  year={2021}
}

@article{olgun2022pidram,
  title={PiDRAM: A Holistic End-to-end FPGA-based Framework for Processing-in-DRAM},
  author={Olgun, Ataberk and Luna, Juan G{\'o}mez and Kanellopoulos, Konstantinos and Salami, Behzad and Hassan, Hasan and Ergin, Oguz and Mutlu, Onur},
  journal={ACM Transactions on Architecture and Code Optimization},
  volume={20},
  number={1},
  pages={1--31},
  year={2022},
  publisher={ACM New York, NY}
}

@inproceedings{gao2019computedram,
  title={Computedram: In-memory compute using off-the-shelf drams},
  author={Gao, Fei and Tziantzioulis, Georgios and Wentzlaff, David},
  booktitle={Proceedings of the 52nd annual IEEE/ACM international symposium on microarchitecture},
  pages={100--113},
  year={2019}
}

@inproceedings{kim2019d,
  title={D-RaNGe: Using commodity DRAM devices to generate true random numbers with low latency and high throughput},
  author={Kim, Jeremie S and Patel, Minesh and Hassan, Hasan and Orosa, Lois and Mutlu, Onur},
  booktitle={2019 IEEE International Symposium on High Performance Computer Architecture (HPCA)},
  pages={582--595},
  year={2019},
  organization={IEEE}
}

@inproceedings{yauglikcci2022understanding,
  title={Understanding RowHammer Under Reduced Wordline Voltage: An Experimental Study Using Real DRAM Devices},
  author={Ya{\u{g}}l{\i}k{\c{c}}{\i}, A Giray and Luo, Haocong and De Oliviera, Geraldo F and Olgun, Ataberk and Patel, Minesh and Park, Jisung and Hassan, Hasan and Kim, Jeremie S and Orosa, Lois and Mutlu, Onur},
  booktitle={2022 52nd Annual IEEE/IFIP International Conference on Dependable Systems and Networks (DSN)},
  pages={475--487},
  year={2022},
  organization={IEEE}
}

@inproceedings{qureshi2022hydra,
  title={Hydra: enabling low-overhead mitigation of row-hammer at ultra-low thresholds via hybrid tracking},
  author={Qureshi, Moinuddin and Rohan, Aditya and Saileshwar, Gururaj and Nair, Prashant J},
  booktitle={Proceedings of the 49th Annual International Symposium on Computer Architecture},
  pages={699--710},
  year={2022}
}

@inproceedings{seshadri2013rowclone,
  title={RowClone: Fast and energy-efficient in-DRAM bulk data copy and initialization},
  author={Seshadri, Vivek and Kim, Yoongu and Fallin, Chris and Lee, Donghyuk and Ausavarungnirun, Rachata and Pekhimenko, Gennady and Luo, Yixin and Mutlu, Onur and Gibbons, Phillip B and Kozuch, Michael A and others},
  booktitle={MICRO},
  pages={185--197},
  year={2013}
}

@inproceedings{hassan2017softmc,
  title={SoftMC: A flexible and practical open-source infrastructure for enabling experimental DRAM studies},
  author={Hassan, Hasan and Vijaykumar, Nandita and Khan, Samira and Ghose, Saugata and Chang, Kevin and Pekhimenko, Gennady and Lee, Donghyuk and Ergin, Oguz and Mutlu, Onur},
  booktitle={2017 IEEE International Symposium on High Performance Computer Architecture (HPCA)},
  pages={241--252},
  year={2017},
  organization={IEEE}
}

@article{olgun2022dram,
  title={DRAM Bender: An Extensible and Versatile FPGA-based Infrastructure to Easily Test State-of-the-art DRAM Chips},
  author={Olgun, Ataberk and Hassan, Hasan and Ya{\u{g}}l{\i}k{\c{c}}{\i}, A Giray and Tu{\u{g}}rul, Yahya Can and Orosa, Lois and Luo, Haocong and Patel, Minesh and Ergin, O{\u{g}}uz and Mutlu, Onur},
  journal={arXiv preprint arXiv:2211.05838},
  year={2022}
}

@inproceedings{gao2022fracdram,
  title={FracDRAM: Fractional Values in Off-the-Shelf DRAM},
  author={Gao, Fei and Tziantzioulis, Georgios and Wentzlaff, David},
  booktitle={MICRO},
  pages={885--899},
  year={2022},
  organization={IEEE}
}

@inproceedings{olgun2021quac,
  title={QUAC-TRNG: High-throughput true random number generation using quadruple row activation in commodity DRAM chips},
  author={Olgun, Ataberk and Patel, Minesh and Ya{\u{g}}l{\i}k{\c{c}}{\i}, A Giray and Luo, Haocong and Kim, Jeremie S and Bostanc{\i}, F Nisa and Vijaykumar, Nandita and Ergin, O{\u{g}}uz and Mutlu, Onur},
  booktitle={ISCA},
  pages={944--957},
  year={2021},
  organization={IEEE}
}


@inproceedings{kim2019d,
  title={D-RaNGe: Using commodity DRAM devices to generate true random numbers with low latency and high throughput},
  author={Kim, Jeremie S and Patel, Minesh and Hassan, Hasan and Orosa, Lois and Mutlu, Onur},
  booktitle={HPCA},
  pages={582--595},
  year={2019},
  organization={IEEE}
}
@inproceedings{saileshwar2022randomized,
  title={Randomized row-swap: mitigating Row Hammer by breaking spatial correlation between aggressor and victim rows},
  author={Saileshwar, Gururaj and Wang, Bolin and Qureshi, Moinuddin and Nair, Prashant J},
  booktitle={Proceedings of the 27th ACM International Conference on Architectural Support for Programming Languages and Operating Systems},
  pages={1056--1069},
  year={2022}
}

@article{woo2022scalable,
  title={Scalable and Secure Row-Swap: Efficient and Safe Row Hammer Mitigation in Memory Systems},
  author={Woo, Jeonghyun and Saileshwar, Gururaj and Nair, Prashant J},
  journal={arXiv preprint arXiv:2212.12613},
  year={2022}
}


@inproceedings {244042,
author = {Mengjia Yan and Christopher W. Fletcher and Josep Torrellas},
title = {Cache Telepathy: Leveraging Shared Resource Attacks to Learn {DNN} Architectures},
booktitle = {29th {USENIX} Security Symposium ({USENIX} Security 20)},
year = {2020},
isbn = {978-1-939133-17-5},
pages = {2003--2020},
url = {https://www.usenix.org/conference/usenixsecurity20/presentation/yan},
publisher = {{USENIX} Association},
month = aug,
}

@article{xiang2020open,
  title={Open dnn box by power side-channel attack},
  author={Xiang, Yun and Chen, Zhuangzhi and Chen, Zuohui and Fang, Zebin and Hao, Haiyang and Chen, Jinyin and Liu, Yi and Wu, Zhefu and Xuan, Qi and Yang, Xiaoniu},
  journal={IEEE Transactions on Circuits and Systems II: Express Briefs},
  volume={67},
  number={11},
  pages={2717--2721},
  year={2020},
  publisher={IEEE}
}

@article{wang2023aegis,
  title={Aegis: Mitigating Targeted Bit-flip Attacks against Deep Neural Networks},
  author={Wang, Jialai and Zhang, Ziyuan and Wang, Meiqi and Qiu, Han and Zhang, Tianwei and Li, Qi and Li, Zongpeng and Wei, Tao and Zhang, Chao},
  journal={arXiv preprint arXiv:2302.13520},
  year={2023}
}
@article{liu2022generating,
  title={Generating Robust DNN with Resistance to Bit-Flip based Adversarial Weight Attack},
  author={Liu, Liang and Guo, Yanan and Cheng, Yueqiang and Zhang, Youtao and Yang, Jun},
  journal={IEEE Transactions on Computers},
  year={2022},
  publisher={IEEE}
}


@inproceedings{jattke2022blacksmith,
  title={Blacksmith: Scalable rowhammering in the frequency domain},
  author={Jattke, Patrick and Van Der Veen, Victor and Frigo, Pietro and Gunter, Stijn and Razavi, Kaveh},
  booktitle={2022 IEEE Symposium on Security and Privacy (SP)},
  pages={716--734},
  year={2022},
  organization={IEEE}
}

@inproceedings{adi2018turning,
  title={Turning your weakness into a strength: Watermarking deep neural networks by backdooring},
  author={Adi, Yossi and Baum, Carsten and Cisse, Moustapha and Pinkas, Benny and Keshet, Joseph},
  booktitle={27th $\{$USENIX$\}$ Security Symposium ($\{$USENIX$\}$ Security 18)},
  pages={1615--1631},
  year={2018}
}

@inproceedings{van2016drammer,
  title={Drammer: Deterministic rowhammer attacks on mobile platforms},
  author={Van Der Veen, Victor and Fratantonio, Yanick and Lindorfer, Martina and Gruss, Daniel and Maurice, Cl{\'e}mentine and Vigna, Giovanni and Bos, Herbert and Razavi, Kaveh and Giuffrida, Cristiano},
  booktitle={Proceedings of the 2016 ACM SIGSAC conference on computer and communications security},
  pages={1675--1689},
  year={2016}
}
@inproceedings{mutlu2023fundamentally,
  title={Fundamentally understanding and solving rowhammer},
  author={Mutlu, Onur and Olgun, Ataberk and Ya{\u{g}}l{\i}kc{\i}, A Giray},
  booktitle={Proceedings of the 28th Asia and South Pacific Design Automation Conference},
  pages={461--468},
  year={2023}
}
@inproceedings{kim2020revisiting,
  title={Revisiting rowhammer: An experimental analysis of modern dram devices and mitigation techniques},
  author={Kim, Jeremie S and Patel, Minesh and Ya{\u{g}}l{\i}k{\c{c}}{\i}, A Giray and Hassan, Hasan and Azizi, Roknoddin and Orosa, Lois and Mutlu, Onur},
  booktitle={2020 ACM/IEEE 47th Annual International Symposium on Computer Architecture (ISCA)},
  pages={638--651},
  year={2020},
  organization={IEEE}
}
@inproceedings{frigo2020trrespass,
  title={TRRespass: Exploiting the many sides of target row refresh},
  author={Frigo, Pietro and Vannacc, Emanuele and Hassan, Hasan and Van Der Veen, Victor and Mutlu, Onur and Giuffrida, Cristiano and Bos, Herbert and Razavi, Kaveh},
  booktitle={2020 IEEE Symposium on Security and Privacy (SP)},
  pages={747--762},
  year={2020},
  organization={IEEE}
}
@article{zhou2022lt,
  title={LT-PIM: An LUT-Based Processing-in-DRAM Architecture With RowHammer Self-Tracking},
  author={Zhou, Ranyang and Tabrizchi, Sepehr and Roohi, Arman and Angizi, Shaahin},
  journal={IEEE Computer Architecture Letters},
  volume={21},
  number={2},
  pages={141--144},
  year={2022},
  publisher={IEEE}
}
@inproceedings{yauglikcci2021blockhammer,
  title={Blockhammer: Preventing rowhammer at low cost by blacklisting rapidly-accessed dram rows},
  author={Ya{\u{g}}lik{\c{c}}i, A Giray and Patel, Minesh and Kim, Jeremie S and Azizi, Roknoddin and Olgun, Ataberk and Orosa, Lois and Hassan, Hasan and Park, Jisung and Kanellopoulos, Konstantinos and Shahroodi, Taha and others},
  booktitle={HPCA},
  pages={345--358},
  year={2021},
  organization={IEEE}
}
@inproceedings{park2020graphene,
  title={Graphene: Strong yet lightweight row hammer protection},
  author={Park, Yeonhong and others},
  booktitle={MICRO},
  pages={1--13},
  year={2020},
  organization={IEEE}
}
@inproceedings{lee2019twice,
  title={TWiCe: Preventing row-hammering by exploiting time window counters},
  author={Lee, Eojin and others},
  booktitle={ISCA},
  pages={385--396},
  year={2019}
}
@article{seyedzadeh2016counter,
  title={Counter-based tree structure for row hammering mitigation in DRAM},
  author={Seyedzadeh, Seyed Mohammad and others},
  journal={CAL},
  volume={16},
  year={2016},
  publisher={IEEE}
}
@inproceedings{hassan2021uncovering,
  title={Uncovering in-dram rowhammer protection mechanisms: A new methodology, custom rowhammer patterns, and implications},
  author={Hassan, Hasan and Tugrul, Yahya Can and Kim, Jeremie S and Van der Veen, Victor and Razavi, Kaveh and Mutlu, Onur},
  booktitle={MICRO-54},
  pages={1198--1213},
  year={2021}
}

@article{rakin2021ra,
  title={Ra-bnn: Constructing robust \& accurate binary neural network to simultaneously defend adversarial bit-flip attack and improve accuracy},
  author={Rakin, Adnan Siraj and Yang, Li and Li, Jingtao and Yao, Fan and Chakrabarti, Chaitali and Cao, Yu and Seo, Jae-sun and Fan, Deliang},
  journal={arXiv preprint arXiv:2103.13813},
  year={2021}
}





@inproceedings{wi2023shadow,
  title={SHADOW: Preventing Row Hammer in DRAM with Intra-Subarray Row Shuffling},
  author={Wi, Minbok and Park, Jaehyun and Ko, Seoyoung and Kim, Michael Jaemin and Kim, Nam Sung and Lee, Eojin and Ahn, Jung Ho},
  booktitle={HPCA},
  pages={333--346},
  year={2023},
  organization={IEEE}
}

@inproceedings{marazzi2023rega,
  title={REGA: Scalable Rowhammer Mitigation with Refresh-Generating Activations},
  author={Marazzi, Michele and Solt, Flavien and Jattke, Patrick and Takashi, Kubo and Razavi, Kaveh},
  booktitle={44rd IEEE Symposium on Security and Privacy (SP 2023)},
  year={2023},
  organization={IEEE}
}

@INPROCEEDINGS{9702274,
  author={Jiang, Yichen and Zhu, Huifeng and Shan, Haoqi and Guo, Xiaolong and Zhang, Xuan and Jin, Yier},
  booktitle={2021 IEEE International Symposium on Hardware Oriented Security and Trust (HOST)}, 
  title={TRRScope: Understanding Target Row Refresh Mechanism for Modern DDR Protection}, 
  year={2021},
  volume={},
  number={},
  pages={239-247},
  doi={10.1109/HOST49136.2021.9702274}}

@online{TQSystems,
  author = {TQ-Systems},
  title = {TQMx80UC User’s Manual},
  year = 2020,
  url = {https://www.tq-group.com/
filedownloads/files/products/embedded/manuals/x86/embedded-modul/
COM-Express-Compact/TQMx80UC/TQMx80UC.UM.0102.pdf},
}

@online{Omron,
  author = {Omron},
  title = {“NY-series Industrial Box PC - Hardware User’s Manual},
  year = 2019,
  url = {https://assets.omron.eu/downloads/manual/en/v6},
}

@ONLINE {NCSU_PDK,
	title = "NCSU EDA FreePDK45",
	year  = "2011",
	url   = "http://www.eda.ncsu.edu/wiki/FreePDK45:Contents"
}

@techreport{thoziyoor2008cacti,
  title={CACTI 5.1},
  author={Thoziyoor, Shyamkumar and others},
  year={2008},
  institution={Technical Report HPL-2008-20, HP Labs}
}
@article{binkert2011gem5,
  title={The gem5 simulator},
  author={Binkert, Nathan and others},
  journal={ACM SIGARCH computer architecture news},
  volume={39},
  pages={1--7},
  year={2011},
  publisher={ACM New York, NY, USA}
}


@article{ranyang2023ppim,
  title={P-PIM: A Parallel Processing-in-DRAM Framework Enabling RowHammer Protection},
  author={Zhou, Ranyang and others},
 booktitle={DATE},
  year={2023}
}
@inproceedings{angizi2019redram,
  title={Redram: A reconfigurable processing-in-dram platform for accelerating bulk bit-wise operations},
  author={Angizi, Shaahin and Fan, Deliang},
  booktitle={2019 IEEE/ACM International Conference on Computer-Aided Design (ICCAD)},
  pages={1--8},
  year={2019},
  organization={IEEE}
}
@inproceedings{zhou2022red,
  title={ReD-LUT: Reconfigurable in-DRAM LUTs enabling massive parallel computation},
  author={Zhou, Ranyang and Roohi, Arman and Misra, Durga and Angizi, Shaahin},
  booktitle={Proceedings of the 41st IEEE/ACM International Conference on Computer-Aided Design},
  pages={1--8},
  year={2022}
}
@article{zhang2023aligner,
  title={Aligner-D: Leveraging In-DRAM Computing to Accelerate DNA Short Read Alignment},
  author={Zhang, Fan and Angizi, Shaahin and Sun, Jiao and Zhang, Wei and Fan, Deliang},
  journal={IEEE Journal on Emerging and Selected Topics in Circuits and Systems},
  volume={13},
  number={1},
  pages={332--343},
  year={2023},
  publisher={IEEE}
}



@inproceedings{cojocar2019exploiting,
  title={Exploiting correcting codes: On the effectiveness of ecc memory against rowhammer attacks},
  author={Cojocar, Lucian and Razavi, Kaveh and Giuffrida, Cristiano and Bos, Herbert},
  booktitle={2019 IEEE Symposium on Security and Privacy (SP)},
  pages={55--71},
  year={2019},
  organization={IEEE}
}

@inproceedings{gruss2016rowhammer,
  title={Rowhammer. js: A remote software-induced fault attack in javascript},
  author={Gruss, Daniel and Maurice, Cl{\'e}mentine and Mangard, Stefan},
  booktitle={Detection of Intrusions and Malware, and Vulnerability Assessment: 13th International Conference, DIMVA 2016, San Sebasti{\'a}n, Spain, July 7-8, 2016, Proceedings 13},
  pages={300--321},
  year={2016},
  organization={Springer}
}

@inproceedings{gruss2018another,
  title={Another flip in the wall of rowhammer defenses},
  author={Gruss, Daniel and Lipp, Moritz and Schwarz, Michael and Genkin, Daniel and Juffinger, Jonas and O'Connell, Sioli and Schoechl, Wolfgang and Yarom, Yuval},
  booktitle={2018 IEEE Symposium on Security and Privacy (SP)},
  pages={245--261},
  year={2018},
  organization={IEEE}
}
@inproceedings{konoth2018zebram,
  title={$\{$ZebRAM$\}$: Comprehensive and Compatible Software Protection Against Rowhammer Attacks},
  author={Konoth, Radhesh Krishnan and Oliverio, Marco and Tatar, Andrei and Andriesse, Dennis and Bos, Herbert and Giuffrida, Cristiano and Razavi, Kaveh},
  booktitle={13th USENIX Symposium on Operating Systems Design and Implementation (OSDI 18)},
  pages={697--710},
  year={2018}
}
@inproceedings{pessl2016drama,
  title={$\{$DRAMA$\}$: Exploiting $\{$DRAM$\}$ Addressing for $\{$Cross-CPU$\}$ Attacks},
  author={Pessl, Peter and Gruss, Daniel and Maurice, Cl{\'e}mentine and Schwarz, Michael and Mangard, Stefan},
  booktitle={25th USENIX security symposium (USENIX security 16)},
  pages={565--581},
  year={2016}
}

@inproceedings{kwong2020rambleed,
  title={Rambleed: Reading bits in memory without accessing them},
  author={Kwong, Andrew and Genkin, Daniel and Gruss, Daniel and Yarom, Yuval},
  booktitle={2020 IEEE Symposium on Security and Privacy (SP)},
  pages={695--711},
  year={2020},
  organization={IEEE}
}

@inproceedings{ribeiro2015mlaas,
  title={Mlaas: Machine learning as a service},
  author={Ribeiro, Mauro and Grolinger, Katarina and Capretz, Miriam AM},
  booktitle={2015 IEEE 14th International Conference on Machine Learning and Applications (ICMLA)},
  pages={896--902},
  year={2015},
  organization={IEEE}
}

@article{seaborn2015exploiting,
  title={Exploiting the DRAM rowhammer bug to gain kernel privileges},
  author={Seaborn, Mark and Dullien, Thomas},
  journal={Black Hat},
  volume={15},
  pages={71},
  year={2015}
}

@inproceedings{xiao2016one,
  title={One bit flips, one cloud flops:$\{$Cross-VM$\}$ row hammer attacks and privilege escalation},
  author={Xiao, Yuan and Zhang, Xiaokuan and Zhang, Yinqian and Teodorescu, Radu},
  booktitle={25th USENIX security symposium (USENIX Security 16)},
  pages={19--35},
  year={2016}
}
@inproceedings{zhang2020pthammer,
  title={Pthammer: Cross-user-kernel-boundary rowhammer through implicit accesses},
  author={Zhang, Zhi and Cheng, Yueqiang and Liu, Dongxi and Nepal, Surya and Wang, Zhi and Yarom, Yuval},
  booktitle={2020 53rd Annual IEEE/ACM International Symposium on Microarchitecture (MICRO)},
  pages={28--41},
  year={2020},
  organization={IEEE}
}
@inproceedings{seshadri2017ambit,
  title={Ambit: In-memory accelerator for bulk bitwise operations using commodity DRAM technology},
  author={Seshadri, Vivek and Lee, Donghyuk and Mullins, Thomas and Hassan, Hasan and Boroumand, Amirali and Kim, Jeremie and Kozuch, Michael A and Mutlu, Onur and Gibbons, Phillip B and Mowry, Todd C},
  booktitle={2017 50th Annual IEEE/ACM International Symposium on Microarchitecture (MICRO)},
  pages={273--287},
  year={2017},
  organization={IEEE}
}

@inproceedings{hajinazar2021simdram,
  title={SIMDRAM: a framework for bit-serial SIMD processing using DRAM},
  author={Hajinazar, Nastaran and Oliveira, Geraldo F and Gregorio, Sven and Ferreira, Jo{\~a}o Dinis and Ghiasi, Nika Mansouri and Patel, Minesh and Alser, Mohammed and Ghose, Saugata and G{\'o}mez-Luna, Juan and Mutlu, Onur},
  booktitle={Proceedings of the 26th ACM International Conference on Architectural Support for Programming Languages and Operating Systems},
  pages={329--345},
  year={2021}
}


@inproceedings{rakin2022deepsteal,
  title={Deepsteal: Advanced model extractions leveraging efficient weight stealing in memories},
  author={Rakin, Adnan Siraj and Chowdhuryy, Md Hafizul Islam and Yao, Fan and Fan, Deliang},
  booktitle={2022 IEEE Symposium on Security and Privacy (SP)},
  pages={1157--1174},
  year={2022},
  organization={IEEE}
}

@inproceedings{li2020defending,
  title={Defending bit-flip attack through DNN weight reconstruction},
  author={Li, Jingtao and Rakin, Adnan Siraj and Xiong, Yan and Chang, Liangliang and He, Zhezhi and Fan, Deliang and Chakrabarti, Chaitali},
  booktitle={2020 57th ACM/IEEE Design Automation Conference (DAC)},
  pages={1--6},
  year={2020},
  organization={IEEE}
}

@article{liuneuropots,
  title={NeuroPots: Realtime Proactive Defense against Bit-Flip Attacks in Neural Networks},
  author={Liu, Qi and Yin, Jieming and Wen, Wujie and Yang, Chengmo and Sha, Shi},
  booktitle={USENIX Security Symposium},
  year={2023}
}


@article{li2021radar,
  title={RADAR: Run-time Adversarial Weight Attack Detection and Accuracy Recovery},
  author={Li, Jingtao and Rakin, Adnan Siraj and He, Zhezhi and Fan, Deliang and Chakrabarti, Chaitali},
  journal={arXiv preprint arXiv:2101.08254},
  year={2021}
}

@misc{krizhevsky2010cifar,
  title={Cifar-10 (canadian institute for advanced research)},
  author={Krizhevsky, Alex and Nair, Vinod and Hinton, Geoffrey},
  year={2010}
}

@article{vgg11,
  title={Very deep convolutional networks for large-scale image recognition},
  author={Simonyan, Karen and Zisserman, Andrew},
  journal={arXiv preprint arXiv:1409.1556},
  year={2014}
}

@inproceedings{he2016deep,
  title={Deep residual learning for image recognition},
  author={He, Kaiming and Zhang, Xiangyu and Ren, Shaoqing and Sun, Jian},
  booktitle={Proceedings of the IEEE conference on computer vision and pattern recognition},
  pages={770--778},
  year={2016}
}

@inproceedings{he2020defending,
  title={Defending and harnessing the bit-flip based adversarial weight attack},
  author={He, Zhezhi and Rakin, Adnan Siraj and Li, Jingtao and Chakrabarti, Chaitali and Fan, Deliang},
  booktitle={Proceedings of the IEEE/CVF Conference on Computer Vision and Pattern Recognition},
  pages={14095--14103},
  year={2020}
}

@article{zhang2021stealing,
  title={Stealing neural network structure through remote fpga side-channel analysis},
  author={Zhang, Yicheng and Yasaei, Rozhin and Chen, Hao and Li, Zhou and Al Faruque, Mohammad Abdullah},
  journal={IEEE Transactions on Information Forensics and Security},
  volume={16},
  pages={4377--4388},
  year={2021},
  publisher={IEEE}
}

@inproceedings{yan2020cache,
  title={Cache telepathy: Leveraging shared resource attacks to learn DNN architectures},
  author={Yan, Mengjia and Fletcher, Christopher and Torrellas, Josep},
  booktitle={USENIX Security Symposium},
  year={2020}
}

@inproceedings{
madry2018towards,
title={Towards Deep Learning Models Resistant to Adversarial Attacks},
author={Aleksander Madry and Aleksandar Makelov and Ludwig Schmidt and Dimitris Tsipras and Adrian Vladu},
booktitle={International Conference on Learning Representations},
year={2018},
url={https://openreview.net/forum?id=rJzIBfZAb},
}


@inproceedings{li2017drisa,
  title={Drisa: A dram-based reconfigurable in-situ accelerator},
  author={Li, Shuangchen and Niu, Dimin and Malladi, Krishna T and Zheng, Hongzhong and Brennan, Bob and Xie, Yuan},
  booktitle={2017 50th Annual IEEE/ACM International Symposium on Microarchitecture (MICRO)},
  pages={288--301},
  year={2017},
  organization={IEEE}
}

@inproceedings{angizi2019graphide,
  title={Graphide: A graph processing accelerator leveraging in-dram-computing},
  author={Angizi, Shaahin and Fan, Deliang},
  booktitle={Proceedings of the 2019 on Great Lakes Symposium on VLSI},
  pages={45--50},
  year={2019}
}

@inproceedings{zhou2022flexidram,
  title={FlexiDRAM: A Flexible in-DRAM Framework to Enable Parallel General-Purpose Computation},
  author={Zhou, Ranyang and Roohi, Arman and Misra, Durga and Angizi, Shaahin},
  booktitle={Proceedings of the ACM/IEEE International Symposium on Low Power Electronics and Design},
  pages={1--6},
  year={2022}
}

@article{ferreira2021pluto,
  title={pluto: In-dram lookup tables to enable massively parallel general-purpose computation},
  author={Ferreira, Jo{\~a}o Dinis and Falcao, Gabriel and G{\'o}mez-Luna, Juan and Alser, Mohammed and Orosa, Lois and Sadrosadati, Mohammad and Kim, Jeremie S and Oliveira, Geraldo F and Shahroodi, Taha and Nori, Anant and others},
  journal={arXiv preprint arXiv:2104.07699},
  year={2021}
}

@article{olgun2022pidram,
  title={PiDRAM: A Holistic End-to-end FPGA-based Framework for Processing-in-DRAM},
  author={Olgun, Ataberk and Luna, Juan G{\'o}mez and Kanellopoulos, Konstantinos and Salami, Behzad and Hassan, Hasan and Ergin, Oguz and Mutlu, Onur},
  journal={ACM Transactions on Architecture and Code Optimization},
  volume={20},
  number={1},
  pages={1--31},
  year={2022},
  publisher={ACM New York, NY}
}

@inproceedings{gao2019computedram,
  title={Computedram: In-memory compute using off-the-shelf drams},
  author={Gao, Fei and Tziantzioulis, Georgios and Wentzlaff, David},
  booktitle={Proceedings of the 52nd annual IEEE/ACM international symposium on microarchitecture},
  pages={100--113},
  year={2019}
}

@inproceedings{kim2019d,
  title={D-RaNGe: Using commodity DRAM devices to generate true random numbers with low latency and high throughput},
  author={Kim, Jeremie S and Patel, Minesh and Hassan, Hasan and Orosa, Lois and Mutlu, Onur},
  booktitle={2019 IEEE International Symposium on High Performance Computer Architecture (HPCA)},
  pages={582--595},
  year={2019},
  organization={IEEE}
}

@inproceedings{yauglikcci2022understanding,
  title={Understanding RowHammer Under Reduced Wordline Voltage: An Experimental Study Using Real DRAM Devices},
  author={Ya{\u{g}}l{\i}k{\c{c}}{\i}, A Giray and Luo, Haocong and De Oliviera, Geraldo F and Olgun, Ataberk and Patel, Minesh and Park, Jisung and Hassan, Hasan and Kim, Jeremie S and Orosa, Lois and Mutlu, Onur},
  booktitle={2022 52nd Annual IEEE/IFIP International Conference on Dependable Systems and Networks (DSN)},
  pages={475--487},
  year={2022},
  organization={IEEE}
}

@inproceedings{qureshi2022hydra,
  title={Hydra: enabling low-overhead mitigation of row-hammer at ultra-low thresholds via hybrid tracking},
  author={Qureshi, Moinuddin and Rohan, Aditya and Saileshwar, Gururaj and Nair, Prashant J},
  booktitle={Proceedings of the 49th Annual International Symposium on Computer Architecture},
  pages={699--710},
  year={2022}
}

@inproceedings{seshadri2013rowclone,
  title={RowClone: Fast and energy-efficient in-DRAM bulk data copy and initialization},
  author={Seshadri, Vivek and Kim, Yoongu and Fallin, Chris and Lee, Donghyuk and Ausavarungnirun, Rachata and Pekhimenko, Gennady and Luo, Yixin and Mutlu, Onur and Gibbons, Phillip B and Kozuch, Michael A and others},
  booktitle={MICRO},
  pages={185--197},
  year={2013}
}

@inproceedings{hassan2017softmc,
  title={SoftMC: A flexible and practical open-source infrastructure for enabling experimental DRAM studies},
  author={Hassan, Hasan and Vijaykumar, Nandita and Khan, Samira and Ghose, Saugata and Chang, Kevin and Pekhimenko, Gennady and Lee, Donghyuk and Ergin, Oguz and Mutlu, Onur},
  booktitle={2017 IEEE International Symposium on High Performance Computer Architecture (HPCA)},
  pages={241--252},
  year={2017},
  organization={IEEE}
}

@article{olgun2022dram,
  title={DRAM Bender: An Extensible and Versatile FPGA-based Infrastructure to Easily Test State-of-the-art DRAM Chips},
  author={Olgun, Ataberk and Hassan, Hasan and Ya{\u{g}}l{\i}k{\c{c}}{\i}, A Giray and Tu{\u{g}}rul, Yahya Can and Orosa, Lois and Luo, Haocong and Patel, Minesh and Ergin, O{\u{g}}uz and Mutlu, Onur},
  journal={arXiv preprint arXiv:2211.05838},
  year={2022}
}

@inproceedings{gao2022fracdram,
  title={FracDRAM: Fractional Values in Off-the-Shelf DRAM},
  author={Gao, Fei and Tziantzioulis, Georgios and Wentzlaff, David},
  booktitle={MICRO},
  pages={885--899},
  year={2022},
  organization={IEEE}
}

@inproceedings{olgun2021quac,
  title={QUAC-TRNG: High-throughput true random number generation using quadruple row activation in commodity DRAM chips},
  author={Olgun, Ataberk and Patel, Minesh and Ya{\u{g}}l{\i}k{\c{c}}{\i}, A Giray and Luo, Haocong and Kim, Jeremie S and Bostanc{\i}, F Nisa and Vijaykumar, Nandita and Ergin, O{\u{g}}uz and Mutlu, Onur},
  booktitle={ISCA},
  pages={944--957},
  year={2021},
  organization={IEEE}
}


@inproceedings{kim2019d,
  title={D-RaNGe: Using commodity DRAM devices to generate true random numbers with low latency and high throughput},
  author={Kim, Jeremie S and Patel, Minesh and Hassan, Hasan and Orosa, Lois and Mutlu, Onur},
  booktitle={HPCA},
  pages={582--595},
  year={2019},
  organization={IEEE}
}
@inproceedings{saileshwar2022randomized,
  title={Randomized row-swap: mitigating Row Hammer by breaking spatial correlation between aggressor and victim rows},
  author={Saileshwar, Gururaj and Wang, Bolin and Qureshi, Moinuddin and Nair, Prashant J},
  booktitle={Proceedings of the 27th ACM International Conference on Architectural Support for Programming Languages and Operating Systems},
  pages={1056--1069},
  year={2022}
}

@article{woo2022scalable,
  title={Scalable and Secure Row-Swap: Efficient and Safe Row Hammer Mitigation in Memory Systems},
  author={Woo, Jeonghyun and Saileshwar, Gururaj and Nair, Prashant J},
  journal={arXiv preprint arXiv:2212.12613},
  year={2022}
}
@inproceedings{yao2020deephammer,
  title={Deephammer: Depleting the intelligence of deep neural networks through targeted chain of bit flips},
  author={Yao, Fan and Rakin, Adnan Siraj and Fan, Deliang},
  booktitle={$\{$USENIX$\}$ Security},
  year={2020}
}

@article{wang2023aegis,
  title={Aegis: Mitigating Targeted Bit-flip Attacks against Deep Neural Networks},
  author={Wang, Jialai and Zhang, Ziyuan and Wang, Meiqi and Qiu, Han and Zhang, Tianwei and Li, Qi and Li, Zongpeng and Wei, Tao and Zhang, Chao},
  journal={arXiv preprint arXiv:2302.13520},
  year={2023}
}
@article{liu2022generating,
  title={Generating Robust DNN with Resistance to Bit-Flip based Adversarial Weight Attack},
  author={Liu, Liang and Guo, Yanan and Cheng, Yueqiang and Zhang, Youtao and Yang, Jun},
  journal={IEEE Transactions on Computers},
  year={2022},
  publisher={IEEE}
}
@article{rakin2021t,
  title={T-bfa: Targeted bit-flip adversarial weight attack},
  author={Rakin, Adnan Siraj and others},
  journal={IEEE Transactions on Pattern Analysis and Machine Intelligence},
  volume={44},
  number={11},
  pages={7928--7939},
  year={2021},
  publisher={IEEE}
}

@inproceedings{jattke2022blacksmith,
  title={Blacksmith: Scalable rowhammering in the frequency domain},
  author={Jattke, Patrick and Van Der Veen, Victor and Frigo, Pietro and Gunter, Stijn and Razavi, Kaveh},
  booktitle={2022 IEEE Symposium on Security and Privacy (SP)},
  pages={716--734},
  year={2022},
  organization={IEEE}
}
@inproceedings{hong2019terminal,
  title={Terminal Brain Damage: Exposing the Graceless Degradation in Deep Neural Networks Under Hardware Fault Attacks.},
  author={Hong, Sanghyun and Frigo, Pietro and Kaya, Yigitcan and Giuffrida, Cristiano and Dumitras, Tudor},
  booktitle={USENIX Security Symposium},
  pages={497--514},
  year={2019}
}
@inproceedings{rakin2019bit,
  title={Bit-flip attack: Crushing neural network with progressive bit search},
  author={Rakin, Adnan Siraj and He, Zhezhi and Fan, Deliang},
  booktitle={Proceedings of the IEEE/CVF International Conference on Computer Vision},
  pages={1211--1220},
  year={2019}
}
@inproceedings{adi2018turning,
  title={Turning your weakness into a strength: Watermarking deep neural networks by backdooring},
  author={Adi, Yossi and Baum, Carsten and Cisse, Moustapha and Pinkas, Benny and Keshet, Joseph},
  booktitle={27th $\{$USENIX$\}$ Security Symposium ($\{$USENIX$\}$ Security 18)},
  pages={1615--1631},
  year={2018}
}
@article{kim2014flipping,
  title={Flipping bits in memory without accessing them: An experimental study of DRAM disturbance errors},
  author={Kim, Yoongu and Daly, Ross and Kim, Jeremie and Fallin, Chris and Lee, Ji Hye and Lee, Donghyuk and Wilkerson, Chris and Lai, Konrad and Mutlu, Onur},
  journal={ACM SIGARCH Computer Architecture News},
  volume={42},
  number={3},
  pages={361--372},
  year={2014},
  publisher={ACM New York, NY, USA}
}
@inproceedings{van2016drammer,
  title={Drammer: Deterministic rowhammer attacks on mobile platforms},
  author={Van Der Veen, Victor and Fratantonio, Yanick and Lindorfer, Martina and Gruss, Daniel and Maurice, Cl{\'e}mentine and Vigna, Giovanni and Bos, Herbert and Razavi, Kaveh and Giuffrida, Cristiano},
  booktitle={Proceedings of the 2016 ACM SIGSAC conference on computer and communications security},
  pages={1675--1689},
  year={2016}
}
@inproceedings{mutlu2023fundamentally,
  title={Fundamentally understanding and solving rowhammer},
  author={Mutlu, Onur and Olgun, Ataberk and Ya{\u{g}}l{\i}kc{\i}, A Giray},
  booktitle={Proceedings of the 28th Asia and South Pacific Design Automation Conference},
  pages={461--468},
  year={2023}
}
@inproceedings{kim2020revisiting,
  title={Revisiting rowhammer: An experimental analysis of modern dram devices and mitigation techniques},
  author={Kim, Jeremie S and Patel, Minesh and Ya{\u{g}}l{\i}k{\c{c}}{\i}, A Giray and Hassan, Hasan and Azizi, Roknoddin and Orosa, Lois and Mutlu, Onur},
  booktitle={2020 ACM/IEEE 47th Annual International Symposium on Computer Architecture (ISCA)},
  pages={638--651},
  year={2020},
  organization={IEEE}
}
@inproceedings{frigo2020trrespass,
  title={TRRespass: Exploiting the many sides of target row refresh},
  author={Frigo, Pietro and Vannacc, Emanuele and Hassan, Hasan and Van Der Veen, Victor and Mutlu, Onur and Giuffrida, Cristiano and Bos, Herbert and Razavi, Kaveh},
  booktitle={2020 IEEE Symposium on Security and Privacy (SP)},
  pages={747--762},
  year={2020},
  organization={IEEE}
}
@article{zhou2022lt,
  title={LT-PIM: An LUT-Based Processing-in-DRAM Architecture With RowHammer Self-Tracking},
  author={Zhou, Ranyang and Tabrizchi, Sepehr and Roohi, Arman and Angizi, Shaahin},
  journal={IEEE Computer Architecture Letters},
  volume={21},
  number={2},
  pages={141--144},
  year={2022},
  publisher={IEEE}
}
@inproceedings{yauglikcci2021blockhammer,
  title={Blockhammer: Preventing rowhammer at low cost by blacklisting rapidly-accessed dram rows},
  author={Ya{\u{g}}lik{\c{c}}i, A Giray and Patel, Minesh and Kim, Jeremie S and Azizi, Roknoddin and Olgun, Ataberk and Orosa, Lois and Hassan, Hasan and Park, Jisung and Kanellopoulos, Konstantinos and Shahroodi, Taha and others},
  booktitle={HPCA},
  pages={345--358},
  year={2021},
  organization={IEEE}
}
@inproceedings{park2020graphene,
  title={Graphene: Strong yet lightweight row hammer protection},
  author={Park, Yeonhong and others},
  booktitle={MICRO},
  pages={1--13},
  year={2020},
  organization={IEEE}
}
@inproceedings{lee2019twice,
  title={TWiCe: Preventing row-hammering by exploiting time window counters},
  author={Lee, Eojin and others},
  booktitle={ISCA},
  pages={385--396},
  year={2019}
}
@article{seyedzadeh2016counter,
  title={Counter-based tree structure for row hammering mitigation in DRAM},
  author={Seyedzadeh, Seyed Mohammad and others},
  journal={CAL},
  volume={16},
  year={2016},
  publisher={IEEE}
}
@inproceedings{hassan2021uncovering,
  title={Uncovering in-dram rowhammer protection mechanisms: A new methodology, custom rowhammer patterns, and implications},
  author={Hassan, Hasan and Tugrul, Yahya Can and Kim, Jeremie S and Van der Veen, Victor and Razavi, Kaveh and Mutlu, Onur},
  booktitle={MICRO-54},
  pages={1198--1213},
  year={2021}
}

@article{rakin2021ra,
  title={Ra-bnn: Constructing robust \& accurate binary neural network to simultaneously defend adversarial bit-flip attack and improve accuracy},
  author={Rakin, Adnan Siraj and Yang, Li and Li, Jingtao and Yao, Fan and Chakrabarti, Chaitali and Cao, Yu and Seo, Jae-sun and Fan, Deliang},
  journal={arXiv preprint arXiv:2103.13813},
  year={2021}
}

@inproceedings{deng2009imagenet,
  title={Imagenet: A large-scale hierarchical image database},
  author={Deng, Jia and Dong, Wei and Socher, Richard and Li, Li-Jia and Li, Kai and Fei-Fei, Li},
  booktitle={2009 IEEE conference on computer vision and pattern recognition},
  pages={248--255},
  year={2009},
  organization={Ieee}
}



@inproceedings{wi2023shadow,
  title={SHADOW: Preventing Row Hammer in DRAM with Intra-Subarray Row Shuffling},
  author={Wi, Minbok and Park, Jaehyun and Ko, Seoyoung and Kim, Michael Jaemin and Kim, Nam Sung and Lee, Eojin and Ahn, Jung Ho},
  booktitle={HPCA},
  pages={333--346},
  year={2023},
  organization={IEEE}
}

@inproceedings{marazzi2023rega,
  title={REGA: Scalable Rowhammer Mitigation with Refresh-Generating Activations},
  author={Marazzi, Michele and Solt, Flavien and Jattke, Patrick and Takashi, Kubo and Razavi, Kaveh},
  booktitle={44rd IEEE Symposium on Security and Privacy (SP 2023)},
  year={2023},
  organization={IEEE}
}

@INPROCEEDINGS{9702274,
  author={Jiang, Yichen and Zhu, Huifeng and Shan, Haoqi and Guo, Xiaolong and Zhang, Xuan and Jin, Yier},
  booktitle={2021 IEEE International Symposium on Hardware Oriented Security and Trust (HOST)}, 
  title={TRRScope: Understanding Target Row Refresh Mechanism for Modern DDR Protection}, 
  year={2021},
  volume={},
  number={},
  pages={239-247},
  doi={10.1109/HOST49136.2021.9702274}}

@online{TQSystems,
  author = {TQ-Systems},
  title = {TQMx80UC User’s Manual},
  year = 2020,
  url = {https://www.tq-group.com/
filedownloads/files/products/embedded/manuals/x86/embedded-modul/
COM-Express-Compact/TQMx80UC/TQMx80UC.UM.0102.pdf},
}

@article{olgun2023dram,
  title={DRAM Bender: An Extensible and Versatile FPGA-based Infrastructure to Easily Test State-of-the-art DRAM Chips},
  author={Olgun, Ataberk and Hassan, Hasan and Ya{\u{g}}l{\i}k{\c{c}}{\i}, A Giray and Tu{\u{g}}rul, Yahya Can and Orosa, Lois and Luo, Haocong and Patel, Minesh and Ergin, O{\u{g}}uz and Mutlu, Onur},
  journal={IEEE Transactions on Computer-Aided Design of Integrated Circuits and Systems},
  year={2023},
  publisher={IEEE}
}

@online{Omron,
  author = {Omron},
  title = {“NY-series Industrial Box PC - Hardware User’s Manual},
  year = 2019,
  url = {https://assets.omron.eu/downloads/manual/en/v6},
}

@ONLINE {NCSU_PDK,
	title = "NCSU EDA FreePDK45",
	year  = "2011",
	url   = "http://www.eda.ncsu.edu/wiki/FreePDK45:Contents"
}

@techreport{thoziyoor2008cacti,
  title={CACTI 5.1},
  author={Thoziyoor, Shyamkumar and others},
  year={2008},
  institution={Technical Report HPL-2008-20, HP Labs}
}
@article{binkert2011gem5,
  title={The gem5 simulator},
  author={Binkert, Nathan and others},
  journal={ACM SIGARCH computer architecture news},
  volume={39},
  pages={1--7},
  year={2011},
  publisher={ACM New York, NY, USA}
}


@article{ranyang2023ppim,
  title={P-PIM: A Parallel Processing-in-DRAM Framework Enabling RowHammer Protection},
  author={Zhou, Ranyang and others},
 booktitle={DATE},
  year={2023}
}
@inproceedings{angizi2019redram,
  title={Redram: A reconfigurable processing-in-dram platform for accelerating bulk bit-wise operations},
  author={Angizi, Shaahin and Fan, Deliang},
  booktitle={2019 IEEE/ACM International Conference on Computer-Aided Design (ICCAD)},
  pages={1--8},
  year={2019},
  organization={IEEE}
}
@inproceedings{zhou2022red,
  title={ReD-LUT: Reconfigurable in-DRAM LUTs enabling massive parallel computation},
  author={Zhou, Ranyang and Roohi, Arman and Misra, Durga and Angizi, Shaahin},
  booktitle={Proceedings of the 41st IEEE/ACM International Conference on Computer-Aided Design},
  pages={1--8},
  year={2022}
}
@article{zhang2023aligner,
  title={Aligner-D: Leveraging In-DRAM Computing to Accelerate DNA Short Read Alignment},
  author={Zhang, Fan and Angizi, Shaahin and Sun, Jiao and Zhang, Wei and Fan, Deliang},
  journal={IEEE Journal on Emerging and Selected Topics in Circuits and Systems},
  volume={13},
  number={1},
  pages={332--343},
  year={2023},
  publisher={IEEE}
}

@article{saxenapt,
  title={PT-Guard: Integrity-Protected Page Tables to Defend Against Breakthrough Rowhammer Attacks},
  author={Saxena, Anish and Saileshwar, Gururaj and Juffinger, Jonas and Kogler, Andreas and Gruss, Daniel and Qureshi, Moinuddin}
}
@article{kim2014architectural,
  title={Architectural support for mitigating row hammering in DRAM memories},
  author={Kim, Dae-Hyun and Nair, Prashant J and Qureshi, Moinuddin K},
  journal={IEEE Computer Architecture Letters},
  volume={14},
  number={1},
  pages={9--12},
  year={2014},
  publisher={IEEE}
}
@inproceedings{son2017making,
  title={Making DRAM stronger against row hammering},
  author={Son, Mungyu and Park, Hyunsun and Ahn, Junwhan and Yoo, Sungjoo},
  booktitle={Proceedings of the 54th Annual Design Automation Conference 2017},
  pages={1--6},
  year={2017}
}
@inproceedings{marazzi2022protrr,
  title={Protrr: Principled yet optimal in-dram target row refresh},
  author={Marazzi, Michele and Jattke, Patrick and Solt, Flavien and Razavi, Kaveh},
  booktitle={2022 IEEE Symposium on Security and Privacy (SP)},
  pages={735--753},
  year={2022},
  organization={IEEE}
}
@inproceedings{hassan2021uncovering,
  title={Uncovering in-dram rowhammer protection mechanisms: A new methodology, custom rowhammer patterns, and implications},
  author={Hassan, Hasan and Tugrul, Yahya Can and Kim, Jeremie S and Van der Veen, Victor and Razavi, Kaveh and Mutlu, Onur},
  booktitle={MICRO-54: 54th Annual IEEE/ACM International Symposium on Microarchitecture},
  pages={1198--1213},
  year={2021}
}
@inproceedings{seyedzadeh2018mitigating,
  title={Mitigating wordline crosstalk using adaptive trees of counters},
  author={Seyedzadeh, Seyed Mohammad and Jones, Alex K and Melhem, Rami},
  booktitle={2018 ACM/IEEE 45th Annual International Symposium on Computer Architecture (ISCA)},
  pages={612--623},
  year={2018},
  organization={IEEE}
}
@inproceedings{kim2022mithril,
  title={Mithril: Cooperative row hammer protection on commodity dram leveraging managed refresh},
  author={Kim, Michael Jaemin and Park, Jaehyun and Park, Yeonhong and Doh, Wanju and Kim, Namhoon and Ham, Tae Jun and Lee, Jae W and Ahn, Jung Ho},
  booktitle={2022 IEEE International Symposium on High-Performance Computer Architecture (HPCA)},
  pages={1156--1169},
  year={2022},
  organization={IEEE}
}
@inproceedings{bennett2021panopticon,
  title={Panopticon: A complete in-dram rowhammer mitigation},
  author={Bennett, Tanj and Saroiu, Stefan and Wolman, Alec and Cojocar, Lucian},
  booktitle={Workshop on DRAM Security (DRAMSec)},
  volume={22},
  pages={110},
  year={2021}
}
@inproceedings{kogler2022half,
  title={$\{$Half-Double$\}$: Hammering From the Next Row Over},
  author={Kogler, Andreas and Juffinger, Jonas and Qazi, Salman and Kim, Yoongu and Lipp, Moritz and Boichat, Nicolas and Shiu, Eric and Nissler, Mattias and Gruss, Daniel},
  booktitle={31st USENIX Security Symposium (USENIX Security 22)},
  pages={3807--3824},
  year={2022}
}
@inproceedings{schilling2021secwalk,
  title={SecWalk: Protecting Page Table Walks Against Fault Attacks},
  author={Schilling, Robert and Nasahl, Pascal and Weiglhofer, Stefan and Mangard, Stefan},
  booktitle={2021 IEEE International Symposium on Hardware Oriented Security and Trust (HOST)},
  pages={56--67},
  year={2021},
  organization={IEEE}
}
@inproceedings{zhang2022softtrr,
  title={$\{$SoftTRR$\}$: Protect Page Tables against Rowhammer Attacks using Software-only Target Row Refresh},
  author={Zhang, Zhi and Cheng, Yueqiang and Wang, Minghua and He, Wei and Wang, Wenhao and Nepal, Surya and Gao, Yansong and Li, Kang and Wang, Zhe and Wu, Chenggang},
  booktitle={2022 USENIX Annual Technical Conference (USENIX ATC 22)},
  pages={399--414},
  year={2022}
}

@online{HP,
    title = "HP, Inc. Hp moonshot component pack.",
    url  = "https://support.hpe.com/hpsc/doc/public/ display?docId=c04676483,May2015.",
}
@online{Apple,
    title = "Apple, Inc. About the security content of mac efi security update 2015-001.",
    url  = "https://support.apple.com/en-au/HT204934.",
}
@online{Lenovo,
    title = "LENOVO, Inc. Rowhammer privilege escalation lenovo security advisory.",
    url  = "https://support.lenovo.com/ au/en/product_security/row_hammer.",
}
@online{Intel,
    title = "Intel, Inc. The role of ecc memory.",
    url  = "https://www. intel.com/content/www/us/en/workstations/ workstation-ecc-memory-brief.html.",
}
@article{PT,
  title={PT-Guard: Integrity-Protected Page Tables to Defend Against Breakthrough Rowhammer Attacks},
  author={Saxena, Anish and Saileshwar, Gururaj and Juffinger, Jonas and Kogler, Andreas and Gruss, Daniel and Qureshi, Moinuddin},
  year={2023}
}
@inproceedings{wu2019protecting,
  title={Protecting page tables from rowhammer attacks using monotonic pointers in dram true-cells},
  author={Wu, Xin-Chuan and Sherwood, Timothy and Chong, Frederic T and Li, Yanjing},
  booktitle={Proceedings of the Twenty-Fourth International Conference on Architectural Support for Programming Languages and Operating Systems},
  pages={645--657},
  year={2019}
}

@article{lester2021power,
  title={\href{https://arxiv.org/pdf/2104.08691}{The power of scale for parameter-efficient prompt tuning}},
  author={Lester, Brian and Al-Rfou, Rami and Constant, Noah},
  journal={arXiv preprint arXiv:2104.08691},
  year={2021}
}

@article{liu2023gpt,
  title={\href{https://arxiv.org/pdf/2103.10385}{GPT understands, too}},
  author={Liu, Xiao and Zheng, Yanan and Du, Zhengxiao and Ding, Ming and Qian, Yujie and Yang, Zhilin and Tang, Jie},
  journal={AI Open},
  year={2023},
  publisher={Elsevier}
}
@article{radford2019language,
  title={\href{https://cdn.openai.com/better-language-models/language_models_are_unsupervised_multitask_learners.pdf}{Language models are unsupervised multitask learners}},
  author={Radford, Alec and Wu, Jeffrey and Child, Rewon and Luan, David and Amodei, Dario and Sutskever, Ilya and others},
  journal={OpenAI blog},
  volume={1},
  number={8},
  pages={9},
  year={2019}
}
@article{brown2020language,
  title={Language models are few-shot learners},
  author={Brown, Tom and Mann, Benjamin and Ryder, Nick and Subbiah, Melanie and Kaplan, Jared D and Dhariwal, Prafulla and Neelakantan, Arvind and Shyam, Pranav and Sastry, Girish and Askell, Amanda and others},
  journal={Advances in neural information processing systems},
  volume={33},
  pages={1877--1901},
  year={2020}
}

@ARTICLE{Tong2024Advancements,
  author={Tong, Yuchuang and Liu, Haotian and Zhang, Zhengtao},
  journal={IEEE/CAA Journal of Automatica Sinica}, 
  title={Advancements in Humanoid Robots: A Comprehensive Review and Future Prospects}, 
  year={2024},
  volume={11},
  number={2},
  pages={301-328},
  keywords={Industries;Evolution (biology);Decision making;Humanoid robots;Ontologies;Market research;Next generation networking;Future trends and challenges;humanoid robots;human-robot interaction;key technologies;potential applications},
  doi={10.1109/JAS.2023.124140}
}


@book{ghallab2016automated,
  title={Automated planning and acting},
  author={Ghallab, Malik and Nau, Dana and Traverso, Paolo},
  year={2016},
  publisher={Cambridge University Press}
}
@inproceedings{huang2022language,
  title={\href{https://arxiv.org/pdf/2201.07207}{Language models as zero-shot planners: Extracting actionable knowledge for embodied agents}},
  author={Huang, Wenlong and Abbeel, Pieter and Pathak, Deepak and Mordatch, Igor},
  booktitle={International Conference on Machine Learning},
  pages={9118--9147},
  year={2022},
  organization={PMLR}
}

@article{wang2024large,
  title={Large language models for robotics: Opportunities, challenges, and perspectives},
  author={Wang, Jiaqi and Wu, Zihao and Li, Yiwei and Jiang, Hanqi and Shu, Peng and Shi, Enze and Hu, Huawen and Ma, Chong and Liu, Yiheng and Wang, Xuhui and others},
  journal={arXiv preprint arXiv:2401.04334},
  year={2024}
}
@inproceedings{singh2023progprompt,
  title={\href{https://arxiv.org/pdf/2209.11302}{Progprompt: Generating situated robot task plans using large language models}},
  author={Singh, Ishika and Blukis, Valts and Mousavian, Arsalan and Goyal, Ankit and Xu, Danfei and Tremblay, Jonathan and Fox, Dieter and Thomason, Jesse and Garg, Animesh},
  booktitle={2023 IEEE International Conference on Robotics and Automation (ICRA)},
  pages={11523--11530},
  year={2023},
  organization={IEEE}
}
@article{jansen2020visually,
  title={\href{https://arxiv.org/pdf/2009.14259}{Visually-grounded planning without vision: Language models infer detailed plans from high-level instructions}},
  author={Jansen, Peter A},
  journal={arXiv preprint arXiv:2009.14259},
  year={2020}
}
@article{zhao2023erra,
  title={\href{https://arxiv.org/pdf/2304.02251}{Erra: An embodied representation and reasoning architecture for long-horizon language-conditioned manipulation tasks}},
  author={Zhao, Chao and Yuan, Shuai and Jiang, Chunli and Cai, Junhao and Yu, Hongyu and Wang, Michael Yu and Chen, Qifeng},
  journal={IEEE Robotics and Automation Letters},
  year={2023},
  publisher={IEEE}
}


@article{touvron2023llama,
  title={Llama: Open and efficient foundation language models},
  author={Touvron, Hugo and Lavril, Thibaut and Izacard, Gautier and Martinet, Xavier and Lachaux, Marie-Anne and Lacroix, Timoth{\'e}e and Rozi{\`e}re, Baptiste and Goyal, Naman and Hambro, Eric and Azhar, Faisal and others},
  journal={arXiv preprint arXiv:2302.13971},
  year={2023}
}
@article{touvron2023llama2,
  title={\href{https://arxiv.org/pdf/2307.09288}{Llama 2: Open foundation and fine-tuned chat models}},
  author={Touvron, Hugo and Martin, Louis and Stone, Kevin and Albert, Peter and Almahairi, Amjad and Babaei, Yasmine and Bashlykov, Nikolay and Batra, Soumya and Bhargava, Prajjwal and Bhosale, Shruti and others},
  journal={arXiv preprint arXiv:2307.09288},
  year={2023}
}
@article{kurita2020weight,
  title={\href{https://arxiv.org/pdf/2004.06660}{Weight poisoning attacks on pre-trained models}},
  author={Kurita, Keita and Michel, Paul and Neubig, Graham},
  journal={arXiv preprint arXiv:2004.06660},
  year={2020}
}
@inproceedings{zhang2021trojaning,
  title={\href{https://arxiv.org/pdf/2008.00312}{Trojaning language models for fun and profit}},
  author={Zhang, Xinyang and Zhang, Zheng and Ji, Shouling and Wang, Ting},
  booktitle={2021 IEEE European Symposium on Security and Privacy (EuroS\&P)},
  pages={179--197},
  year={2021},
  organization={IEEE}
}
@article{yang2021careful,
  title={\href{https://arxiv.org/pdf/2103.15543}{Be careful about poisoned word embeddings: Exploring the vulnerability of the embedding layers in nlp models}},
  author={Yang, Wenkai and Li, Lei and Zhang, Zhiyuan and Ren, Xuancheng and Sun, Xu and He, Bin},
  journal={arXiv preprint arXiv:2103.15543},
  year={2021}
}
@inproceedings{yang2021rethinking,
  title={\href{https://aclanthology.org/2021.acl-long.431.pdf}{Rethinking stealthiness of backdoor attack against nlp models}},
  author={Yang, Wenkai and Lin, Yankai and Li, Peng and Zhou, Jie and Sun, Xu},
  booktitle={Proceedings of the 59th Annual Meeting of the Association for Computational Linguistics and the 11th International Joint Conference on Natural Language Processing (Volume 1: Long Papers)},
  pages={5543--5557},
  year={2021}
}
@inproceedings{du2022ppt,
  title={\href{https://www.ijcai.org/proceedings/2022/0096.pdf}{PPT: Backdoor Attacks on Pre-trained Models via Poisoned Prompt Tuning.}},
  author={Du, Wei and Zhao, Yichun and Li, Boqun and Liu, Gongshen and Wang, Shilin},
  booktitle={IJCAI},
  pages={680--686},
  year={2022}
}
@article{dai2019backdoor,
  title={\href{https://arxiv.org/pdf/1905.12457}{A backdoor attack against lstm-based text classification systems}},
  author={Dai, Jiazhu and Chen, Chuanshuai and Li, Yufeng},
  journal={IEEE Access},
  volume={7},
  pages={138872--138878},
  year={2019},
  publisher={IEEE}
}
@inproceedings{pan2022hidden,
  title={\href{https://www.usenix.org/system/files/sec22-pan-hidden.pdf}{Hidden trigger backdoor attack on $\{$NLP$\}$ models via linguistic style manipulation}},
  author={Pan, Xudong and Zhang, Mi and Sheng, Beina and Zhu, Jiaming and Yang, Min},
  booktitle={31st USENIX Security Symposium (USENIX Security 22)},
  pages={3611--3628},
  year={2022}
}

@inproceedings{puig2018virtualhome,
  title={\href{https://arxiv.org/pdf/1806.07011}{Virtualhome: Simulating household activities via programs}},
  author={Puig, Xavier and Ra, Kevin and Boben, Marko and Li, Jiaman and Wang, Tingwu and Fidler, Sanja and Torralba, Antonio},
  booktitle={Proceedings of the IEEE conference on computer vision and pattern recognition},
  pages={8494--8502},
  year={2018}
}

@article{baier2009heuristic,
  title={\href{https://www.ijcai.org/Proceedings/07/Papers/292.pdf}{A heuristic search approach to planning with temporally extended preferences}},
  author={Baier, Jorge A and Bacchus, Fahiem and McIlraith, Sheila A},
  journal={Artificial Intelligence},
  volume={173},
  number={5-6},
  pages={593--618},
  year={2009},
  publisher={Elsevier}
}
@article{hoffmann2001ff,
  title={\href{Ff: The fast-forward planning system.}{FF: The fast-forward planning system}},
  author={Hoffmann, J{\"o}rg},
  journal={AI magazine},
  volume={22},
  number={3},
  pages={57--57},
  year={2001}
}

@article{helmert2006fast,
  title={\href{https://arxiv.org/pdf/1109.6051}{The fast downward planning system}},
  author={Helmert, Malte},
  journal={Journal of Artificial Intelligence Research},
  volume={26},
  pages={191--246},
  year={2006}
}

@article{hopcroft2001introduction,
  title={Introduction to automata theory, languages, and computation},
  author={Hopcroft, John E and Motwani, Rajeev and Ullman, Jeffrey D},
  journal={Acm Sigact News},
  volume={32},
  number={1},
  pages={60--65},
  year={2001},
  publisher={ACM New York, NY, USA}
}
@inproceedings{pnueli1989synthesis,
  title={\href{https://dl.acm.org/doi/pdf/10.1145/75277.75293}{On the synthesis of a reactive module}},
  author={Pnueli, Amir and Rosner, Roni},
  booktitle={Proceedings of the 16th ACM SIGPLAN-SIGACT symposium on Principles of programming languages},
  pages={179--190},
  year={1989}
}
@article{zhao2024survey,
  title={\href{https://arxiv.org/pdf/2404.02817}{A Survey of Optimization-based Task and Motion Planning: From Classical To Learning Approaches}},
  author={Zhao, Zhigen and Chen, Shuo and Ding, Yan and Zhou, Ziyi and Zhang, Shiqi and Xu, Danfei and Zhao, Ye},
  journal={arXiv preprint arXiv:2404.02817},
  year={2024}
}
@article{ahn2022can,
  title={\href{https://arxiv.org/pdf/2204.01691}{Do as i can, not as i say: Grounding language in robotic affordances}},
  author={Ahn, Michael and Brohan, Anthony and Brown, Noah and Chebotar, Yevgen and Cortes, Omar and David, Byron and Finn, Chelsea and Fu, Chuyuan and Gopalakrishnan, Keerthana and Hausman, Karol and others},
  journal={arXiv preprint arXiv:2204.01691},
  year={2022}
}
@article{huang2022inner,
  title={\href{https://arxiv.org/pdf/2207.05608}{Inner monologue: Embodied reasoning through planning with language models}},
  author={Huang, Wenlong and Xia, Fei and Xiao, Ted and Chan, Harris and Liang, Jacky and Florence, Pete and Zeng, Andy and Tompson, Jonathan and Mordatch, Igor and Chebotar, Yevgen and others},
  journal={arXiv preprint arXiv:2207.05608},
  year={2022}
}
@inproceedings{chen2021proflip,
  title={Proflip: Targeted trojan attack with progressive bit flips},
  author={Chen, Huili and Fu, Cheng and Zhao, Jishen and Koushanfar, Farinaz},
  booktitle={Proceedings of the IEEE/CVF International Conference on Computer Vision},
  pages={7718--7727},
  year={2021}
}
@inproceedings{rakin2020tbt,
  title={Tbt: Targeted neural network attack with bit trojan},
  author={Rakin, Adnan Siraj and He, Zhezhi and Fan, Deliang},
  booktitle={Proceedings of the IEEE/CVF Conference on Computer Vision and Pattern Recognition},
  pages={13198--13207},
  year={2020}
}
@article{nguyen2021wanet,
  title={\href{https://arxiv.org/pdf/2102.10369}{Wanet--imperceptible warping-based backdoor attack}},
  author={Nguyen, Anh and Tran, Anh},
  journal={arXiv preprint arXiv:2102.10369},
  year={2021}
}
@inproceedings{gu2023gradient,
  title={A gradient control method for backdoor attacks on parameter-efficient tuning},
  author={Gu, Naibin and Fu, Peng and Liu, Xiyu and Liu, Zhengxiao and Lin, Zheng and Wang, Weiping},
  booktitle={Proceedings of the 61st Annual Meeting of the Association for Computational Linguistics (Volume 1: Long Papers)},
  pages={3508--3520},
  year={2023}
}
@article{he2024data,
  title={Data Poisoning for In-context Learning},
  author={He, Pengfei and Xu, Han and Xing, Yue and Liu, Hui and Yamada, Makoto and Tang, Jiliang},
  journal={arXiv preprint arXiv:2402.02160},
  year={2024}
}

@article{gao2020pile,
  title={The pile: An 800gb dataset of diverse text for language modeling},
  author={Gao, Leo and Biderman, Stella and Black, Sid and Golding, Laurence and Hoppe, Travis and Foster, Charles and Phang, Jason and He, Horace and Thite, Anish and Nabeshima, Noa and others},
  journal={arXiv preprint arXiv:2101.00027},
  year={2020}
}

@article{logeswaran2022few,
  title={\href{https://arxiv.org/pdf/2205.14288}{Few-shot subgoal planning with language models}},
  author={Logeswaran, Lajanugen and Fu, Yao and Lee, Moontae and Lee, Honglak},
  journal={arXiv preprint arXiv:2205.14288},
  year={2022}
}
@article{vaswani2017attention,
  title={Attention is all you need},
  author={Vaswani, Ashish and Shazeer, Noam and Parmar, Niki and Uszkoreit, Jakob and Jones, Llion and Gomez, Aidan N and Kaiser, {\L}ukasz and Polosukhin, Illia},
  journal={Advances in neural information processing systems},
  volume={30},
  year={2017}
}
@inproceedings{zheng2023trojvit,
  title={\href{https://arxiv.org/pdf/2208.13049}{Trojvit: Trojan insertion in vision transformers}},
  author={Zheng, Mengxin and Lou, Qian and Jiang, Lei},
  booktitle={Proceedings of the IEEE/CVF Conference on Computer Vision and Pattern Recognition},
  pages={4025--4034},
  year={2023}
}

@article{xie2023translating,
  title={\href{https://arxiv.org/pdf/2302.05128}{Translating natural language to planning goals with large-language models}},
  author={Xie, Yaqi and Yu, Chen and Zhu, Tongyao and Bai, Jinbin and Gong, Ze and Soh, Harold},
  journal={arXiv preprint arXiv:2302.05128},
  year={2023}
}
@inproceedings{ding2023task,
  title={\href{https://arxiv.org/pdf/2303.06247}{Task and motion planning with large language models for object rearrangement}},
  author={Ding, Yan and Zhang, Xiaohan and Paxton, Chris and Zhang, Shiqi},
  booktitle={2023 IEEE/RSJ International Conference on Intelligent Robots and Systems (IROS)},
  pages={2086--2092},
  year={2023},
  organization={IEEE}
}
@article{zhao2024large,
  title={Large language models as commonsense knowledge for large-scale task planning},
  author={Zhao, Zirui and Lee, Wee Sun and Hsu, David},
  journal={Advances in Neural Information Processing Systems},
  volume={36},
  year={2024}
}
@article{jang2016categorical,
  title={\href{https://arxiv.org/pdf/1611.01144}{Categorical reparameterization with gumbel-softmax}},
  author={Jang, Eric and Gu, Shixiang and Poole, Ben},
  journal={arXiv preprint arXiv:1611.01144},
  year={2016}
}
@article{guo2021gradient,
  title={\href{https://arxiv.org/pdf/2104.13733}{Gradient-based adversarial attacks against text transformers}},
  author={Guo, Chuan and Sablayrolles, Alexandre and J{\'e}gou, Herv{\'e} and Kiela, Douwe},
  journal={arXiv preprint arXiv:2104.13733},
  year={2021}
}

@article{fikes1971strips,
  title={STRIPS: A new approach to the application of theorem proving to problem solving},
  author={Fikes, Richard E and Nilsson, Nils J},
  journal={Artificial intelligence},
  volume={2},
  number={3-4},
  pages={189--208},
  year={1971},
  publisher={Elsevier}
}

@book{nilsson1984shakey,
  title={\href{https://www.sri.com/wp-content/uploads/2021/12/629.pdf}{Shakey the robot}},
  author={Nilsson, Nils J and others},
  volume={323},
  year={1984},
  publisher={Sri International Menlo Park, California}
}
@misc{mesh-transformer-jax,
  author = {Wang, Ben},
  title = {{Mesh-Transformer-JAX: Model-Parallel Implementation of Transformer Language Model with JAX}},
  howpublished = {\url{https://github.com/kingoflolz/mesh-transformer-jax}},
  year = 2021,
  month = May
}
@misc{gpt-j,
  author = {Wang, Ben and Komatsuzaki, Aran},
  title = {{GPT-J-6B: A 6 Billion Parameter Autoregressive Language Model}},
  howpublished = {\url{https://github.com/kingoflolz/mesh-transformer-jax}},
  year = 2021,
  month = May
}

@book{haslum2019introduction,
  title={An introduction to the planning domain definition language},
  author={Haslum, Patrik and Lipovetzky, Nir and Magazzeni, Daniele and Muise, Christian and Brachman, Ronald and Rossi, Francesca and Stone, Peter},
  volume={13},
  year={2019},
  publisher={Springer}
}

@inproceedings{pallagani2024prospects,
  title={\href{https://arxiv.org/pdf/2401.02500}{On the prospects of incorporating large language models (llms) in automated planning and scheduling (aps)}},
  author={Pallagani, Vishal and Roy, Kaushik and Muppasani, Bharath and Fabiano, Francesco and Loreggia, Andrea and Murugesan, Keerthiram and Srivastava, Biplav and Rossi, Francesca and Horesh, Lior and Sheth, Amit},
  booktitle={34th International Conference on Automated Planning and Scheduling},
  year={2024}
}

@article{llm_deployment_cost1,
  title={Towards Optimizing the Costs of LLM Usage},
  author={Shekhar, Shivanshu and Dubey, Tanishq and Mukherjee, Koyel and Saxena, Apoorv and Tyagi, Atharv and Kotla, Nishanth},
  journal={arXiv preprint arXiv:2402.01742},
  year={2024}
}

@article{llm_deployment_cost2,
  title={The Costly Dilemma: Generalization, Evaluation and Cost-Optimal Deployment of Large Language Models},
  author={Aryan, Abi and Nain, Aakash Kumar and McMahon, Andrew and Meyer, Lucas Augusto and Sahota, Harpreet Singh},
  journal={arXiv preprint arXiv:2308.08061},
  year={2023}
}

@inproceedings{llm_deployment_cost3,
  title={An empirical analysis and resource footprint study of deploying large language models on edge devices},
  author={Dhar, Nobel and Deng, Bobin and Lo, Dan and Wu, Xiaofeng and Zhao, Liang and Suo, Kun},
  booktitle={Proceedings of the 2024 ACM Southeast Conference},
  pages={69--76},
  year={2024}
}

@article{llm_on_server1,
  title={\href{https://arxiv.org/pdf/2401.17644v2}{Towards Efficient and Reliable LLM Serving: A Real-World Workload Study}},
  author={Wang, Yuxin and Chen, Yuhan and Li, Zeyu and Tang, Zhenheng and Guo, Rui and Wang, Xin and Wang, Qiang and Zhou, Amelie Chi and Chu, Xiaowen},
  journal={arXiv preprint arXiv:2401.17644},
  year={2024}
}

@article{llm_on_server2,
  title={\href{https://arxiv.org/pdf/2403.20306}{Towards Greener LLMs: Bringing Energy-Efficiency to the Forefront of LLM Inference}},
  author={Stojkovic, Jovan and Choukse, Esha and Zhang, Chaojie and Goiri, Inigo and Torrellas, Josep},
  journal={arXiv preprint arXiv:2403.20306},
  year={2024}
}

@article{llm_domain_adaptation1,
  title={\href{https://arxiv.org/pdf/2306.04618}{Revisiting Out-of-distribution Robustness in NLP: Benchmarks, Analysis, and LLMs Evaluations}},
  author={Yuan, Lifan and Chen, Yangyi and Cui, Ganqu and Gao, Hongcheng and Zou, Fangyuan and Cheng, Xingyi and Ji, Heng and Liu, Zhiyuan and Sun, Maosong},
  journal={Advances in Neural Information Processing Systems},
  volume={36},
  year={2024}
}

@article{llm_domain_adaptation2,
  title={\href{https://arxiv.org/pdf/2401.07284}{Improving Domain Adaptation through Extended-Text Reading Comprehension}},
  author={Jiang, Ting and Huang, Shaohan and Luo, Shengyue and Zhang, Zihan and Huang, Haizhen and Wei, Furu and Deng, Weiwei and Sun, Feng and Zhang, Qi and Wang, Deqing and others},
  journal={arXiv preprint arXiv:2401.07284},
  year={2024}
}

@article{llm_domain_adaptation3,
  title={\href{https://arxiv.org/pdf/2403.10131}{Raft: Adapting language model to domain specific rag}},
  author={Zhang, Tianjun and Patil, Shishir G and Jain, Naman and Shen, Sheng and Zaharia, Matei and Stoica, Ion and Gonzalez, Joseph E},
  journal={arXiv preprint arXiv:2403.10131},
  year={2024}
}


@inproceedings{llm_spt1,
  title={\href{https://arxiv.org/pdf/2402.10359}{Can we soft prompt LLMs for graph learning tasks?}},
  author={Liu, Zheyuan and He, Xiaoxin and Tian, Yijun and Chawla, Nitesh V},
  booktitle={Companion Proceedings of the ACM on Web Conference 2024},
  pages={481--484},
  year={2024}
}

@article{llm_spt2,
  title={\href{https://arxiv.org/pdf/2310.06239}{Model tuning or prompt tuning? A study of large language models for clinical concept and relation extraction}},
  author={Peng, Cheng and Yang, Xi and Smith, Kaleb E and Yu, Zehao and Chen, Aokun and Bian, Jiang and Wu, Yonghui},
  journal={Journal of biomedical informatics},
  volume={153},
  pages={104630},
  year={2024},
  publisher={Elsevier}
}

@article{llm_spt3,
  title={\href{https://arxiv.org/pdf/2306.04933}{Infoprompt: Information-theoretic soft prompt tuning for natural language understanding}},
  author={Wu, Junda and Yu, Tong and Wang, Rui and Song, Zhao and Zhang, Ruiyi and Zhao, Handong and Lu, Chaochao and Li, Shuai and Henao, Ricardo},
  journal={Advances in Neural Information Processing Systems},
  volume={36},
  year={2024}
}

@article{llm_inference_cost1,
  title={Understanding llms: A comprehensive overview from training to inference},
  author={Liu, Yiheng and He, Hao and Han, Tianle and Zhang, Xu and Liu, Mengyuan and Tian, Jiaming and Zhang, Yutong and Wang, Jiaqi and Gao, Xiaohui and Zhong, Tianyang and others},
  journal={arXiv preprint arXiv:2401.02038},
  year={2024}
}

@article{llm_inference_cost2,
  title={Understanding llms: A comprehensive overview from training to inference},
  author={Liu, Yiheng and He, Hao and Han, Tianle and Zhang, Xu and Liu, Mengyuan and Tian, Jiaming and Zhang, Yutong and Wang, Jiaqi and Gao, Xiaohui and Zhong, Tianyang and others},
  journal={arXiv preprint arXiv:2401.02038},
  year={2024}
}


@inproceedings{backdoor_attack_llm1,
  title={\href{https://arxiv.org/pdf/2310.12439}{Poisonprompt: Backdoor attack on prompt-based large language models}},
  author={Yao, Hongwei and Lou, Jian and Qin, Zhan},
  booktitle={ICASSP 2024-2024 IEEE International Conference on Acoustics, Speech and Signal Processing (ICASSP)},
  pages={7745--7749},
  year={2024},
  organization={IEEE}
}

@article{backdoor_attack_llm2,
  title={Trojllm: A black-box trojan prompt attack on large language models},
  author={Xue, Jiaqi and Zheng, Mengxin and Hua, Ting and Shen, Yilin and Liu, Yepeng and B{\"o}l{\"o}ni, Ladislau and Lou, Qian},
  journal={Advances in Neural Information Processing Systems},
  volume={36},
  year={2024}
}

@article{blend,
  title={\href{https://arxiv.org/pdf/1712.05526}{Targeted backdoor attacks on deep learning systems using data poisoning}},
  author={Chen, Xinyun and Liu, Chang and Li, Bo and Lu, Kimberly and Song, Dawn},
  journal={arXiv preprint arXiv:1712.05526},
  year={2017}
}

@inproceedings{bppattack,
  title={\href{https://arxiv.org/abs/2205.13383}{Bppattack: Stealthy and efficient trojan attacks against deep neural networks via image quantization and contrastive adversarial learning}},
  author={Wang, Zhenting and Zhai, Juan and Ma, Shiqing},
  booktitle={Proceedings of the IEEE/CVF Conference on Computer Vision and Pattern Recognition},
  pages={15074--15084},
  year={2022}
}

@inproceedings{issba,
  title={\href{https://arxiv.org/pdf/2012.03816}{Invisible backdoor attack with sample-specific triggers}},
  author={Li, Yuezun and Li, Yiming and Wu, Baoyuan and Li, Longkang and He, Ran and Lyu, Siwei},
  booktitle={Proceedings of the IEEE/CVF international conference on computer vision},
  pages={16463--16472},
  year={2021}
}



@inproceedings{wu2022adaptable,
  title={Adaptable action-aware vital models for personalized intelligent patient monitoring},
  author={Wu, Kai and Chen, Ee Heng and Hao, Xing and Wirth, Felix and Vitanova, Keti and Lange, R{\"u}diger and Burschka, Darius},
  booktitle={2022 International Conference on Robotics and Automation (ICRA)},
  pages={826--832},
  year={2022},
  organization={IEEE}
}

@inproceedings{yoshida2022ms,
  title={MS-cubic: A Modularized Manufacturing System with scalability, portability and parallelism Modular design suitable for drilling, welding and picking and feasibility verification through drilling experiment},
  author={Yoshida, Takehito and Toriyama, Amane and Warisawa, Shin'ichi and Fukui, Rui},
  booktitle={2022 IEEE/RSJ International Conference on Intelligent Robots and Systems (IROS)},
  pages={2762--2769},
  year={2022},
  organization={IEEE}
}
@inproceedings{kazhoyan2021robot,
  title={The robot household marathon experiment},
  author={Kazhoyan, Gayane and Stelter, Simon and Kenfack, Franklin Kenghagho and Koralewski, Sebastian and Beetz, Michael},
  booktitle={2021 IEEE International Conference on Robotics and Automation (ICRA)},
  pages={9382--9388},
  year={2021},
  organization={IEEE}
}

@article{rana2023sayplan,
  title={\href{https://arxiv.org/pdf/2307.06135}{Sayplan: Grounding large language models using 3d scene graphs for scalable task planning}},
  author={Rana, Krishan and Haviland, Jesse and Garg, Sourav and Abou-Chakra, Jad and Reid, Ian and Suenderhauf, Niko},
  journal={arXiv preprint arXiv:2307.06135},
  year={2023}
}

@article{liu2023llm+,
  title={\href{https://arxiv.org/pdf/2304.11477}{Llm+ p: Empowering large language models with optimal planning proficiency}},
  author={Liu, Bo and Jiang, Yuqian and Zhang, Xiaohan and Liu, Qiang and Zhang, Shiqi and Biswas, Joydeep and Stone, Peter},
  journal={arXiv preprint arXiv:2304.11477},
  year={2023}
}
@article{ding2023integrating,
  title={\href{https://arxiv.org/pdf/2305.17590}{Integrating action knowledge and LLMs for task planning and situation handling in open worlds}},
  author={Ding, Yan and Zhang, Xiaohan and Amiri, Saeid and Cao, Nieqing and Yang, Hao and Kaminski, Andy and Esselink, Chad and Zhang, Shiqi},
  journal={Autonomous Robots},
  volume={47},
  number={8},
  pages={981--997},
  year={2023},
  publisher={Springer}
}

@ARTICLE{backdoor-survey,
  author={Li, Yiming and Jiang, Yong and Li, Zhifeng and Xia, Shu-Tao},
  journal={IEEE Transactions on Neural Networks and Learning Systems}, 
  title={\href{https://ieeexplore.ieee.org/stamp/stamp.jsp?tp=&arnumber=9802938}{Backdoor Learning: A Survey}}, 
  year={2024},
  volume={35},
  number={1},
  pages={5-22},
  keywords={Training;Predictive models;Taxonomy;Task analysis;Schedules;Deep learning;Security;AI security;backdoor attack;backdoor defense;backdoor learning;deep learning},
  doi={10.1109/TNNLS.2022.3182979}
}

@article{guan2023leveraging,
  title={Leveraging pre-trained large language models to construct and utilize world models for model-based task planning},
  author={Guan, Lin and Valmeekam, Karthik and Sreedharan, Sarath and Kambhampati, Subbarao},
  journal={Advances in Neural Information Processing Systems},
  volume={36},
  pages={79081--79094},
  year={2023}
}
@inproceedings{gramopadhye2023generating,
  title={Generating executable action plans with environmentally-aware language models},
  author={Gramopadhye, Maitrey and Szafir, Daniel},
  booktitle={2023 IEEE/RSJ International Conference on Intelligent Robots and Systems (IROS)},
  pages={3568--3575},
  year={2023},
  organization={IEEE}
}
@inproceedings{goyal2024healai,
  title={Healai: A healthcare llm for effective medical documentation},
  author={Goyal, Sagar and Rastogi, Eti and Rajagopal, Sree Prasanna and Yuan, Dong and Zhao, Fen and Chintagunta, Jai and Naik, Gautam and Ward, Jeff},
  booktitle={Proceedings of the 17th ACM International Conference on Web Search and Data Mining},
  pages={1167--1168},
  year={2024}
}

@ARTICLE{llm-backdoor-survey,
  author={Yang, Haomiao and Xiang, Kunlan and Ge, Mengyu and Li, Hongwei and Lu, Rongxing and Yu, Shui},
  journal={IEEE Network}, 
  title={A Comprehensive Overview of Backdoor Attacks in Large Language Models within Communication Networks}, 
  year={2024},
  volume={},
  number={},
  pages={1-1},
  keywords={Training;Computational modeling;Data models;Predictive models;Training data;Security;Solid modeling;Backdoor attacks;Large Language Models},
  doi={10.1109/MNET.2024.3367788}}

@inproceedings{li-etal-2021-backdoor,
    title = "Backdoor Attacks on Pre-trained Models by Layerwise Weight Poisoning",
    author = "Li, Linyang  and
      Song, Demin  and
      Li, Xiaonan  and
      Zeng, Jiehang  and
      Ma, Ruotian  and
      Qiu, Xipeng",
    editor = "Moens, Marie-Francine  and
      Huang, Xuanjing  and
      Specia, Lucia  and
      Yih, Scott Wen-tau",
    booktitle = "Proceedings of the 2021 Conference on Empirical Methods in Natural Language Processing",
    month = nov,
    year = "2021",
    address = "Online and Punta Cana, Dominican Republic",
    publisher = "Association for Computational Linguistics",
    url = "https://aclanthology.org/2021.emnlp-main.241",
    doi = "10.18653/v1/2021.emnlp-main.241",
    pages = "3023--3032",
    abstract = "\textbf{P}re-\textbf{T}rained \textbf{M}odel\textbf{s} have been widely applied and recently proved vulnerable under backdoor attacks: the released pre-trained weights can be maliciously poisoned with certain triggers. When the triggers are activated, even the fine-tuned model will predict pre-defined labels, causing a security threat. These backdoors generated by the poisoning methods can be erased by changing hyper-parameters during fine-tuning or detected by finding the triggers. In this paper, we propose a stronger weight-poisoning attack method that introduces a layerwise weight poisoning strategy to plant deeper backdoors; we also introduce a combinatorial trigger that cannot be easily detected. The experiments on text classification tasks show that previous defense methods cannot resist our weight-poisoning method, which indicates that our method can be widely applied and may provide hints for future model robustness studies.",
}

@inproceedings{10.1145/3460120.3484576,
author = {Li, Shaofeng and Liu, Hui and Dong, Tian and Zhao, Benjamin Zi Hao and Xue, Minhui and Zhu, Haojin and Lu, Jialiang},
title = {Hidden Backdoors in Human-Centric Language Models},
year = {2021},
isbn = {9781450384544},
publisher = {Association for Computing Machinery},
address = {New York, NY, USA},
url = {https://doi.org/10.1145/3460120.3484576},
doi = {10.1145/3460120.3484576},
booktitle = {Proceedings of the 2021 ACM SIGSAC Conference on Computer and Communications Security},
pages = {3123–3140},
numpages = {18},
keywords = {text generation, natural language processing, homographs, backdoor attacks},
location = {Virtual Event, Republic of Korea},
series = {CCS '21}
}

@ARTICLE{8685687,
  author={Gu, Tianyu and Liu, Kang and Dolan-Gavitt, Brendan and Garg, Siddharth},
  journal={IEEE Access}, 
  title={BadNets: Evaluating Backdooring Attacks on Deep Neural Networks}, 
  year={2019},
  volume={7},
  number={},
  pages={47230-47244},
  keywords={Training;Machine learning;Perturbation methods;Computational modeling;Biological neural networks;Security;Computer security;machine learning;neural networks},
  doi={10.1109/ACCESS.2019.2909068}}

@misc{zheng2024trojfsp,
      title={TrojFSP: Trojan Insertion in Few-shot Prompt Tuning}, 
      author={Mengxin Zheng and Jiaqi Xue and Xun Chen and YanShan Wang and Qian Lou and Lei Jiang},
      year={2024},
      eprint={2312.10467},
      archivePrefix={arXiv},
      primaryClass={cs.LG}
}
@inproceedings{papineni2002bleu,
  title={\href{https://aclanthology.org/P02-1040.pdf}{Bleu: a method for automatic evaluation of machine translation}},
  author={Papineni, Kishore and Roukos, Salim and Ward, Todd and Zhu, Wei-Jing},
  booktitle={Proceedings of the 40th annual meeting of the Association for Computational Linguistics},
  pages={311--318},
  year={2002}
}
@article{shao2019long,
  title={\href{https://aclanthology.org/D19-1321.pdf}{Long and diverse text generation with planning-based hierarchical variational model}},
  author={Shao, Zhihong and Huang, Minlie and Wen, Jiangtao and Xu, Wenfei and Zhu, Xiaoyan},
  journal={arXiv preprint arXiv:1908.06605},
  year={2019}
}
@article{li2015diversity,
  title={\href{https://arxiv.org/pdf/1510.03055}{A diversity-promoting objective function for neural conversation models}},
  author={Li, Jiwei and Galley, Michel and Brockett, Chris and Gao, Jianfeng and Dolan, Bill},
  journal={arXiv preprint arXiv:1510.03055},
  year={2015}
}

@INPROCEEDINGS {8119189,
author = {Y. Liu and Y. Xie and A. Srivastava},
booktitle = {2017 IEEE 35th International Conference on Computer Design (ICCD)},
title = {Neural Trojans},
year = {2017},
volume = {},
issn = {1063-6404},
pages = {45-48},
doi = {10.1109/ICCD.2017.16},
url = {https://doi.ieeecomputersociety.org/10.1109/ICCD.2017.16},
publisher = {IEEE Computer Society},
address = {Los Alamitos, CA, USA},
month = {nov}
}

@inproceedings{10.1145/3427228.3427264,
author = {Doan, Bao Gia and Abbasnejad, Ehsan and Ranasinghe, Damith C.},
title = {Februus: Input Purification Defense Against Trojan Attacks on Deep Neural Network Systems},
year = {2020},
isbn = {9781450388580},
publisher = {Association for Computing Machinery},
address = {New York, NY, USA},
url = {https://doi.org/10.1145/3427228.3427264},
doi = {10.1145/3427228.3427264},
booktitle = {Proceedings of the 36th Annual Computer Security Applications Conference},
pages = {897–912},
numpages = {16},
keywords = {Trojan attacks on Neural Networks, Backdoor Attack Defenses},
location = {<conf-loc>, <city>Austin</city>, <country>USA</country>, </conf-loc>},
series = {ACSAC '20}
}

@inproceedings{savelka2023unlocking,
  title={Unlocking practical applications in legal domain: Evaluation of gpt for zero-shot semantic annotation of legal texts},
  author={Savelka, Jaromir},
  booktitle={Proceedings of the Nineteenth International Conference on Artificial Intelligence and Law},
  pages={447--451},
  year={2023}
}

@inproceedings{panagoulias2023evaluating,
  title={Evaluating the potential of LLMs and ChatGPT on medical diagnosis and treatment},
  author={Panagoulias, Dimitrios P and Palamidas, Filippos A and Virvou, Maria and Tsihrintzis, George A},
  booktitle={2023 14th International Conference on Information, Intelligence, Systems \& Applications (IISA)},
  pages={1--9},
  year={2023},
  organization={IEEE}
}

@misc{coumans2021pybullet,
  title={PyBullet quickstart guide},
  author={Coumans, Erwin and Bai, Yunfei},
  year={2021},
  publisher={PyBullet Quickstart Guide. https://docs. google. com/document/u/1/d~…}
}

@inproceedings{xia2018gibson,
  title={Gibson env: Real-world perception for embodied agents},
  author={Xia, Fei and Zamir, Amir R and He, Zhiyang and Sax, Alexander and Malik, Jitendra and Savarese, Silvio},
  booktitle={Proceedings of the IEEE conference on computer vision and pattern recognition},
  pages={9068--9079},
  year={2018}
}

@inproceedings{quigley2009ros,
  title={ROS: an open-source Robot Operating System},
  author={Quigley, Morgan and Conley, Ken and Gerkey, Brian and Faust, Josh and Foote, Tully and Leibs, Jeremy and Wheeler, Rob and Ng, Andrew Y and others},
  booktitle={ICRA workshop on open source software},
  volume={3},
  number={3.2},
  pages={5},
  year={2009},
  organization={Kobe, Japan}
}

@InProceedings{10.1007/978-3-030-00470-5_13,
author="Liu, Kang
and Dolan-Gavitt, Brendan
and Garg, Siddharth",
editor="Bailey, Michael
and Holz, Thorsten
and Stamatogiannakis, Manolis
and Ioannidis, Sotiris",
title="Fine-Pruning: Defending Against Backdooring Attacks on Deep Neural Networks",
booktitle="Research in Attacks, Intrusions, and Defenses",
year="2018",
publisher="Springer International Publishing",
address="Cham",
pages="273--294",
isbn="978-3-030-00470-5"
}
@article{gao2021design,
  title={\href{https://ieeexplore.ieee.org/stamp/stamp.jsp?tp=&arnumber=9343758}{Design and evaluation of a multi-domain trojan detection method on deep neural networks}},
  author={Gao, Yansong and Kim, Yeonjae and Doan, Bao Gia and Zhang, Zhi and Zhang, Gongxuan and Nepal, Surya and Ranasinghe, Damith C and Kim, Hyoungshick},
  journal={IEEE Transactions on Dependable and Secure Computing},
  volume={19},
  number={4},
  pages={2349--2364},
  year={2021},
  publisher={IEEE}
}

@article{falcon,
  title={The RefinedWeb dataset for Falcon LLM: outperforming curated corpora with web data, and web data only},
  author={Penedo, Guilherme and Malartic, Quentin and Hesslow, Daniel and Cojocaru, Ruxandra and Cappelli, Alessandro and Alobeidli, Hamza and Pannier, Baptiste and Almazrouei, Ebtesam and Launay, Julien},
  journal={arXiv preprint arXiv:2306.01116},
  year={2023}
}

@article{touvron2023llama1,
  title={Llama: Open and efficient foundation language models},
  author={Touvron, Hugo and Lavril, Thibaut and Izacard, Gautier and Martinet, Xavier and Lachaux, Marie-Anne and Lacroix, Timoth{\'e}e and Rozi{\`e}re, Baptiste and Goyal, Naman and Hambro, Eric and Azhar, Faisal and others},
  journal={arXiv preprint arXiv:2302.13971},
  year={2023}
}

@article{touvron2023llama2,
  title={Llama 2: Open foundation and fine-tuned chat models},
  author={Touvron, Hugo and Martin, Louis and Stone, Kevin and Albert, Peter and Almahairi, Amjad and Babaei, Yasmine and Bashlykov, Nikolay and Batra, Soumya and Bhargava, Prajjwal and Bhosale, Shruti and others},
  journal={arXiv preprint arXiv:2307.09288},
  year={2023}
}

@article{jiang2024mixtral,
  title={Mixtral of experts},
  author={Jiang, Albert Q and Sablayrolles, Alexandre and Roux, Antoine and Mensch, Arthur and Savary, Blanche and Bamford, Chris and Chaplot, Devendra Singh and Casas, Diego de las and Hanna, Emma Bou and Bressand, Florian and others},
  journal={arXiv preprint arXiv:2401.04088},
  year={2024}
}

@article{jiang2023mistral,
  title={Mistral 7B},
  author={Jiang, Albert Q and Sablayrolles, Alexandre and Mensch, Arthur and Bamford, Chris and Chaplot, Devendra Singh and Casas, Diego de las and Bressand, Florian and Lengyel, Gianna and Lample, Guillaume and Saulnier, Lucile and others},
  journal={arXiv preprint arXiv:2310.06825},
  year={2023}
}


@article{xi2024defending,
  title={\href{https://arxiv.org/pdf/2309.13256}{Defending pre-trained language models as few-shot learners against backdoor attacks}},
  author={Xi, Zhaohan and Du, Tianyu and Li, Changjiang and Pang, Ren and Ji, Shouling and Chen, Jinghui and Ma, Fenglong and Wang, Ting},
  journal={Advances in Neural Information Processing Systems},
  volume={36},
  year={2024}
}
@inproceedings{zheng2022data,
  title={\href{https://arxiv.org/pdf/2208.03111}{Data-free backdoor removal based on channel lipschitzness}},
  author={Zheng, Runkai and Tang, Rongjun and Li, Jianze and Liu, Li},
  booktitle={European Conference on Computer Vision},
  pages={175--191},
  year={2022},
  organization={Springer}
}
@inproceedings{ahmed2023ssda,
  title={\href{https://openaccess.thecvf.com/content/ICCV2023/papers/Ahmed_SSDA_Secure_Source-Free_Domain_Adaptation_ICCV_2023_paper.pdf}{SSDA: Secure Source-Free Domain Adaptation}},
  author={Ahmed, Sabbir and Al Arafat, Abdullah and Rizve, Mamshad Nayeem and Hossain, Rahim and Guo, Zhishan and Rakin, Adnan Siraj},
  booktitle={Proceedings of the IEEE/CVF International Conference on Computer Vision},
  pages={19180--19190},
  year={2023}
}

@inproceedings{gao2023real,
  title={Real is Better than Perfect: Sim-to-Real Robotic System in Secondary School Education},
  author={Gao, Jiasi and Guo, Haole and Cao, Zhanxiang and Huang, Pengfei and Zhou, Guyue},
  booktitle={2023 IEEE/RSJ International Conference on Intelligent Robots and Systems (IROS)},
  pages={4480--4487},
  year={2023},
  organization={IEEE}
}
@article{scialom2022fine,
  title={Fine-tuned language models are continual learners},
  author={Scialom, Thomas and Chakrabarty, Tuhin and Muresan, Smaranda},
  journal={arXiv preprint arXiv:2205.12393},
  year={2022}
}
@article{yang2022sequence,
  title={Sequence-based plan feasibility prediction for efficient task and motion planning},
  author={Yang, Zhutian and Garrett, Caelan Reed and Lozano-P{\'e}rez, Tom{\'a}s and Kaelbling, Leslie and Fox, Dieter},
  journal={arXiv preprint arXiv:2211.01576},
  year={2022}
}
@article{driess2020deep,
  title={Deep visual reasoning: Learning to predict action sequences for task and motion planning from an initial scene image},
  author={Driess, Danny and Ha, Jung-Su and Toussaint, Marc},
  journal={arXiv preprint arXiv:2006.05398},
  year={2020}
}

@article{zheng2023trojfsp,
  title={\href{https://arxiv.org/pdf/2312.10467}{TrojFSP: Trojan Insertion in Few-shot Prompt Tuning}},
  author={Zheng, Mengxin and Xue, Jiaqi and Chen, Xun and Wang, YanShan and Lou, Qian and Jiang, Lei},
  journal={arXiv preprint arXiv:2312.10467},
  year={2023}
}
@article{guan2024task,
  title={\href{https://arxiv.org/pdf/2402.04210}{" Task Success" is not Enough: Investigating the Use of Video-Language Models as Behavior Critics for Catching Undesirable Agent Behaviors}},
  author={Guan, Lin and Zhou, Yifan and Liu, Denis and Zha, Yantian and Amor, Heni Ben and Kambhampati, Subbarao},
  journal={arXiv preprint arXiv:2402.04210},
  year={2024}
}

@misc{li2024badedit,
      title={\href{https://arxiv.org/pdf/2403.13355}{BadEdit: Backdooring large language models by model editing}}, 
      author={Yanzhou Li and Tianlin Li and Kangjie Chen and Jian Zhang and Shangqing Liu and Wenhan Wang and Tianwei Zhang and Yang Liu},
      year={2024},
      eprint={2403.13355},
      archivePrefix={arXiv},
      primaryClass={cs.CR}
}

@INPROCEEDINGS{9833572,
  author={Bagdasaryan, Eugene and Shmatikov, Vitaly},
  booktitle={2022 IEEE Symposium on Security and Privacy (SP)}, 
  title={\href{https://arxiv.org/pdf/2112.05224}{Spinning Language Models: Risks of Propaganda-As-A-Service and Countermeasures}}, 
  year={2022},
  volume={},
  number={},
  pages={769-786},
  keywords={Measurement;Training;Analytical models;Toxicology;Training data;Media;Data models},
  doi={10.1109/SP46214.2022.9833572}}

@INPROCEEDINGS{8953243,
  author={Liao, Yuan-Hong and Puig, Xavier and Boben, Marko and Torralba, Antonio and Fidler, Sanja},
  booktitle={2019 IEEE/CVF Conference on Computer Vision and Pattern Recognition (CVPR)}, 
  title={\href{https://openaccess.thecvf.com/content_CVPR_2019/papers/Liao_Synthesizing_Environment-Aware_Activities_via_Activity_Sketches_CVPR_2019_paper.pdf}{Synthesizing Environment-Aware Activities via Activity Sketches}}, 
  year={2019},
  volume={},
  number={},
  pages={6284-6292},
  keywords={Vision + Language;Datasets and Evaluation},
  doi={10.1109/CVPR.2019.00645}}

@article{jiang2019task,
  title={\href{https://arxiv.org/pdf/1804.08229}{Task planning in robotics: an empirical comparison of pddl-and asp-based systems}},
  author={Jiang, Yu-qian and Zhang, Shi-qi and Khandelwal, Piyush and Stone, Peter},
  journal={Frontiers of Information Technology \& Electronic Engineering},
  volume={20},
  pages={363--373},
  year={2019},
  publisher={Springer}
}

@article{ahn2024autort,
  title={Autort: Embodied foundation models for large scale orchestration of robotic agents},
  author={Ahn, Michael and Dwibedi, Debidatta and Finn, Chelsea and Arenas, Montse Gonzalez and Gopalakrishnan, Keerthana and Hausman, Karol and Ichter, Brian and Irpan, Alex and Joshi, Nikhil and Julian, Ryan and others},
  journal={arXiv preprint arXiv:2401.12963},
  year={2024}
}

@article{kawaharazuka2024real,
  title={\href{https://arxiv.org/pdf/2402.05741}{Real-world robot applications of foundation models: A review}},
  author={Kawaharazuka, Kento and Matsushima, Tatsuya and Gambardella, Andrew and Guo, Jiaxian and Paxton, Chris and Zeng, Andy},
  journal={Advanced Robotics},
  pages={1--23},
  year={2024},
  publisher={Taylor \& Francis}
}

@article{achiam2023gpt,
  title={Gpt-4 technical report},
  author={Achiam, Josh and Adler, Steven and Agarwal, Sandhini and Ahmad, Lama and Akkaya, Ilge and Aleman, Florencia Leoni and Almeida, Diogo and Altenschmidt, Janko and Altman, Sam and Anadkat, Shyamal and others},
  journal={arXiv preprint arXiv:2303.08774},
  year={2023}
}

@misc{libackdoor,
  title={Backdoor Attacks against Learning-Based Algorithms},
  author={Li, Shaofeng and Zhu, Haojin and Wu, Wen and Shen, Xuemin Sherman},
  publisher={Springer}
}

@article{han2024parameter,
  title={Parameter-efficient fine-tuning for large models: A comprehensive survey},
  author={Han, Zeyu and Gao, Chao and Liu, Jinyang and Zhang, Jeff and Zhang, Sai Qian},
  journal={arXiv preprint arXiv:2403.14608},
  year={2024}
}

@article{xu2023parameter,
  title={Parameter-efficient fine-tuning methods for pretrained language models: A critical review and assessment},
  author={Xu, Lingling and Xie, Haoran and Qin, Si-Zhao Joe and Tao, Xiaohui and Wang, Fu Lee},
  journal={arXiv preprint arXiv:2312.12148},
  year={2023}
}

@article{li2021prefix,
  title={Prefix-tuning: Optimizing continuous prompts for generation},
  author={Li, Xiang Lisa and Liang, Percy},
  journal={arXiv preprint arXiv:2101.00190},
  year={2021}
}

@article{liu2024gpt,
  title={\href{https://pdf.sciencedirectassets.com/777606/1-s2.0-S2666651023X00023/1-s2.0-S2666651023000141/main.pdf?X-Amz-Security-Token=IQoJb3JpZ2luX2VjEBMaCXVzLWVhc3QtMSJGMEQCIGINoA5ppArgYWRJEIg8wsfv56xQn9XmCX0BNPiSZ1bdAiAw1h0Pz%2F5B3wYtmn2PH8Ws8oJlKfBQLCDplNPvycN5aiqzBQgcEAUaDDA1OTAwMzU0Njg2NSIMCM2%2Bl41zjOe9YPDIKpAFjoUGEAWmHE6AMccxBo01H2O4RL%2BGrQ5zJi292ugFXMPmr0GjLKhnNzlztXx6FxCU47ImvODNvUglJO%2FCCTLyMet1tQnzpBF%2BxtmcPcdvZl1%2BeizYcrfmGCDBtvTNHb%2BDktj3ZVBA%2FnLEcZ9%2FGIZHQtoOYw8fp81hlmoFHLHW%2FveZKUZ8z29ZEIp%2BbfIDmyEZ4J9LC5asxd%2BMdB3SqpEtsWjATbSpShkb0DVW%2FsXYZ2zwZK6SNcAITgR5K3iz6zFS9h4gSiTKyvb1rZGCJrHpzWcz1dxOA1TU2MIXih8ykLOItp7l0SpS3MJ7SVzLTiTUzUrtUKjtdzcKgKQtiXi7unvCCVXC46hnz3x3tfAf7OLbwIzp7XqvFSC%2BWXyqAvLsVdK8dJChsrCChny3qR%2BvnfBXFKscJ1STgJuSctlGTo8N6Vqt8qbYoXICXyLtwbLe1lwm95krHyJzn%2F2wJiUHYsSqS6SebyDygUr2iP6i6ml9acftJg0M2SVWsycwKTY6mBWYIFmzolJKZpcGoSkNK2OKik89FVu2fomQh8KP9pkSc9k4ItXfl0X9%2FSB3cAtkx5hjMY67WJs%2BC7cqjUcUiHMhYpjIRkBKIvkP0tLyDnRBlSZ1iVlU7NRm8TKjn9hbxYsSXhFzraojp49U0YjE5B9QfM7tDXGn23y6GJkmoUQarX0ZKteHMp3DNJb8AtFsFpx0coWxQUVz1Sf%2Bl%2BYABE57ZZ1m7Le7GbJ%2FTq6CSWOQ35YS3c%2Fgk8g0yT1ZCnI3boCVjQ0DkqN%2FUG2r2gOUpo3X%2FxVk24IYHieI0TjL341QgD3%2FM5ei7E%2FGJXLjBi38HNBAQBtzdwA4YSrXKYa2zYdtUOQLU3UFOiBryjlYdM8wjL3PvAY6sgF9gmu1yAFKnX02O3laobqbR40HfzYKkY%2FC7BAgVaKqSb5S2l5Z%2FOu%2BbJcDGNxtnmI7hmYMnEu3Z3ze3WqameduS9WQL7h4NLynztchPFXZ4vEHK%2BplZ6%2B7yB%2BwABSBb1huprjkNI1IKUWeYmIPpbC8Q2E3ifpVkfS0St8CcqFHX3foABiTEUZwC%2BYxqqoBJPdJbttmzgPRVF3utrte%2BXT3sfpzkbWxhPHVPycI7pNZq4Tl&X-Amz-Algorithm=AWS4-HMAC-SHA256&X-Amz-Date=20250124T200842Z&X-Amz-SignedHeaders=host&X-Amz-Expires=300&X-Amz-Credential=ASIAQ3PHCVTY2H4OOC4F%2F20250124%2Fus-east-1%2Fs3%2Faws4_request&X-Amz-Signature=4c0fc374eba34068a530a2c47f80794b0a66a5731e8afe68a66bfe7519dd545f&hash=6f8a629c974f066f0e18c45602e919034d70455f8d31bd9ecd8e1afb3c1cbf0a&host=68042c943591013ac2b2430a89b270f6af2c76d8dfd086a07176afe7c76c2c61&pii=S2666651023000141&tid=spdf-33ce5932-456e-427d-b6d9-ee1a4b6af1e1&sid=212028d1622d554b217af3e84de8fb2a6902gxrqa&type=client&tsoh=d3d3LnNjaWVuY2VkaXJlY3QuY29t&ua=131d5c5355550f5e5005&rr=9072a82edd0943dd&cc=us}{GPT understands, too}},
  author={Liu, Xiao and Zheng, Yanan and Du, Zhengxiao and Ding, Ming and Qian, Yujie and Yang, Zhilin and Tang, Jie},
  journal={AI Open},
  volume={5},
  pages={208--215},
  year={2024},
  publisher={Elsevier}
}


@article{kumar2024practice,
  title={\href{https://arxiv.org/pdf/2402.15025}{Practice Makes Perfect: Planning to Learn Skill Parameter Policies}},
  author={Kumar, Nishanth and Silver, Tom and McClinton, Willie and Zhao, Linfeng and Proulx, Stephen and Lozano-P{\'e}rez, Tom{\'a}s and Kaelbling, Leslie Pack and Barry, Jennifer},
  journal={arXiv preprint arXiv:2402.15025},
  year={2024}
}

@article{ying2024siftom,
  title={\href{https://arxiv.org/pdf/2409.10849}{SIFToM: Robust Spoken Instruction Following through Theory of Mind}},
  author={Ying, Lance and Liu, Jason Xinyu and Aarya, Shivam and Fang, Yizirui and Tellex, Stefanie and Tenenbaum, Joshua B and Shu, Tianmin},
  journal={arXiv preprint arXiv:2409.10849},
  year={2024}
}

@inproceedings{chonkar2022look,
  title={\href{https://par.nsf.gov/servlets/purl/10463884}{Look to my Lead: How Does a Leash Affect Perceptions of a Quadruped Robot?}},
  booktitle={The 2022 IEEE International Conference on Robotics and Automation (ICRA).},
  year={2022}
}

@inproceedings{hauser2023s,
  title={\href{https://dl.acm.org/doi/pdf/10.1145/3597512.3599707}{" What’s That Robot Doing Here?": Perceptions Of Incidental Encounters With Autonomous Quadruped Robots}},
  author={Hauser, Elliott and Chan, Yao-Cheng and Chonkar, Parth and Hemkumar, Geethika and Wang, Huihai and Dua, Daksh and Gupta, Shikhar and Enriquez, Efren Mendoza and Kao, Tiffany and Hart, Justin and others},
  booktitle={Proceedings of the First International Symposium on Trustworthy Autonomous Systems},
  pages={1--15},
  year={2023}
}


@misc{spot2024,
title={\href{https://bostondynamics.com/blog/spot-to-the-rescue/}{"Spot to the Rescue"}},
year="2024",
note={https://bostondynamics.com/blog/spot-to-the-rescue/}
}
@misc{alpaca,
  author = {Rohan Taori and Ishaan Gulrajani and Tianyi Zhang and Yann Dubois and Xuechen Li and Carlos Guestrin and Percy Liang and Tatsunori B. Hashimoto },
  title = {Stanford Alpaca: An Instruction-following LLaMA model},
  year = {2023},
  publisher = {GitHub},
  journal = {GitHub repository},
  howpublished = {\url{https://github.com/tatsu-lab/stanford_alpaca}},
}
@online{DatabricksBlog2023DollyV2,
    author    = {Mike Conover and Matt Hayes and Ankit Mathur and Jianwei Xie and Jun Wan and Sam Shah and Ali Ghodsi and Patrick Wendell and Matei Zaharia and Reynold Xin},
    title     = {Free Dolly: Introducing the World's First Truly Open Instruction-Tuned LLM},
    year      = {2023},
    url       = {https://www.databricks.com/blog/2023/04/12/dolly-first-open-commercially-viable-instruction-tuned-llm},
    urldate   = {2023-06-30}
}
@inproceedings{yang-etal-2015-wikiqa,
    title = {\href{https://aclanthology.org/D15-1237.pdf}{"{W}iki{QA}: A Challenge Dataset for Open-Domain Question Answering"}},
    author = "Yang, Yi  and
      Yih, Wen-tau  and
      Meek, Christopher",
    booktitle = "Proceedings of the 2015 Conference on Empirical Methods in Natural Language Processing",
    month = sep,
    year = "2015",
    address = "Lisbon, Portugal",
    publisher = "Association for Computational Linguistics",
    url = "https://aclanthology.org/D15-1237",
    doi = "10.18653/v1/D15-1237",
    pages = "2013--2018",
}

@article{valmeekam2024planbench,
  title={\href{https://arxiv.org/pdf/2206.10498}{Planbench: An extensible benchmark for evaluating large language models on planning and reasoning about change}},
  author={Valmeekam, Karthik and Marquez, Matthew and Olmo, Alberto and Sreedharan, Sarath and Kambhampati, Subbarao},
  journal={Advances in Neural Information Processing Systems},
  volume={36},
  year={2024}
}

@inproceedings{
jiao2025can,
title={Can We Trust Embodied Agents? Exploring Backdoor Attacks against Embodied {LLM}-Based Decision-Making Systems},
author={Ruochen Jiao and Shaoyuan Xie and Justin Yue and TAKAMI SATO and Lixu Wang and Yixuan Wang and Qi Alfred Chen and Qi Zhu},
booktitle={The Thirteenth International Conference on Learning Representations},
year={2025},
url={https://openreview.net/forum?id=S1Bv3068Xt}
}
@article{liu2024compromising,
  title={Compromising embodied agents with contextual backdoor attacks},
  author={Liu, Aishan and Zhou, Yuguang and Liu, Xianglong and Zhang, Tianyuan and Liang, Siyuan and Wang, Jiakai and Pu, Yanjun and Li, Tianlin and Zhang, Junqi and Zhou, Wenbo and others},
  journal={arXiv preprint arXiv:2408.02882},
  year={2024}
}
@inproceedings{zheng2022data,
  title={Data-free backdoor removal based on channel lipschitzness},
  author={Zheng, Runkai and Tang, Rongjun and Li, Jianze and Liu, Li},
  booktitle={European Conference on Computer Vision},
  pages={175--191},
  year={2022},
  organization={Springer}
}
@inproceedings{yang2024plug,
  title={Plug in the safety chip: Enforcing constraints for llm-driven robot agents},
  author={Yang, Ziyi and Raman, Shreyas S and Shah, Ankit and Tellex, Stefanie},
  booktitle={2024 IEEE International Conference on Robotics and Automation (ICRA)},
  pages={14435--14442},
  year={2024},
  organization={IEEE}
}
@article{huang2024chasing,
  title={Chasing Progress, Not Perfection: Revisiting Strategies for End-to-End LLM Plan Generation},
  author={Huang, Sukai and Cohn, Trevor and Lipovetzky, Nir},
  journal={arXiv preprint arXiv:2412.10675},
  year={2024}
}