@article{gu2017badnets,
  title={Badnets: Identifying vulnerabilities in the machine learning model supply chain},
  author={Gu, Tianyu and Dolan-Gavitt, Brendan and Garg, Siddharth},
  journal={arXiv preprint arXiv:1708.06733},
  year={2017}
}

@inproceedings{li2021invisible,
  title={Invisible backdoor attack with sample-specific triggers},
  author={Li, Yuezun and Li, Yiming and Wu, Baoyuan and Li, Longkang and He, Ran and Lyu, Siwei},
  booktitle={Proceedings of the IEEE/CVF international conference on computer vision},
  pages={16463--16472},
  year={2021}
}

@article{vaswani2017attention,
  title={Attention is all you need},
  author={Vaswani, Ashish and Shazeer, Noam and Parmar, Niki and Uszkoreit, Jakob and Jones, Llion and Gomez, Aidan N and Kaiser, {\L}ukasz and Polosukhin, Illia},
  journal={Advances in neural information processing systems},
  volume={30},
  year={2017}
}

@article{dosovitskiy2020image,
  title={An image is worth 16x16 words: Transformers for image recognition at scale},
  author={Dosovitskiy, Alexey and Beyer, Lucas and Kolesnikov, Alexander and Weissenborn, Dirk and Zhai, Xiaohua and Unterthiner, Thomas and Dehghani, Mostafa and Minderer, Matthias and Heigold, Georg and Gelly, Sylvain and others},
  journal={arXiv preprint arXiv:2010.11929},
  year={2020}
}

@inproceedings{radford2021learning,
  title={Learning transferable visual models from natural language supervision},
  author={Radford, Alec and Kim, Jong Wook and Hallacy, Chris and Ramesh, Aditya and Goh, Gabriel and Agarwal, Sandhini and Sastry, Girish and Askell, Amanda and Mishkin, Pamela and Clark, Jack and others},
  booktitle={International conference on machine learning},
  pages={8748--8763},
  year={2021},
  organization={PmLR}
}

@inproceedings{yuan2023you,
  title={You are catching my attention: Are vision transformers bad learners under backdoor attacks?},
  author={Yuan, Zenghui and Zhou, Pan and Zou, Kai and Cheng, Yu},
  booktitle={Proceedings of the IEEE/CVF Conference on Computer Vision and Pattern Recognition},
  pages={24605--24615},
  year={2023}
}

@inproceedings{bai2024badclip,
  title={Badclip: Trigger-aware prompt learning for backdoor attacks on clip},
  author={Bai, Jiawang and Gao, Kuofeng and Min, Shaobo and Xia, Shu-Tao and Li, Zhifeng and Liu, Wei},
  booktitle={Proceedings of the IEEE/CVF Conference on Computer Vision and Pattern Recognition},
  pages={24239--24250},
  year={2024}
}

@article{chen2017targeted,
  title={Targeted backdoor attacks on deep learning systems using data poisoning},
  author={Chen, Xinyun and Liu, Chang and Li, Bo and Lu, Kimberly and Song, Dawn},
  journal={arXiv preprint arXiv:1712.05526},
  year={2017}
}

@inproceedings{zhang2021backdoor,
  title={Backdoor attacks to graph neural networks},
  author={Zhang, Zaixi and Jia, Jinyuan and Wang, Binghui and Gong, Neil Zhenqiang},
  booktitle={Proceedings of the 26th ACM symposium on access control models and technologies},
  pages={15--26},
  year={2021}
}

@article{li2022backdoor,
  title={Backdoor learning: A survey},
  author={Li, Yiming and Jiang, Yong and Li, Zhifeng and Xia, Shu-Tao},
  journal={IEEE transactions on neural networks and learning systems},
  volume={35},
  number={1},
  pages={5--22},
  year={2022},
  publisher={IEEE}
}

@inproceedings{dumford2020backdooring,
  title={Backdooring convolutional neural networks via targeted weight perturbations},
  author={Dumford, Jacob and Scheirer, Walter},
  booktitle={2020 IEEE International Joint Conference on Biometrics (IJCB)},
  pages={1--9},
  year={2020},
  organization={IEEE}
}


@inproceedings{rakin2020tbt,
  title={Tbt: Targeted neural network attack with bit trojan},
  author={Rakin, Adnan Siraj and He, Zhezhi and Fan, Deliang},
  booktitle={Proceedings of the IEEE/CVF conference on computer vision and pattern recognition},
  pages={13198--13207},
  year={2020}
}

@inproceedings{tang2020embarrassingly,
  title={An embarrassingly simple approach for trojan attack in deep neural networks},
  author={Tang, Ruixiang and Du, Mengnan and Liu, Ninghao and Yang, Fan and Hu, Xia},
  booktitle={Proceedings of the 26th ACM SIGKDD international conference on knowledge discovery \& data mining},
  pages={218--228},
  year={2020}
}

@inproceedings{li2021deeppayload,
  title={Deeppayload: Black-box backdoor attack on deep learning models through neural payload injection},
  author={Li, Yuanchun and Hua, Jiayi and Wang, Haoyu and Chen, Chunyang and Liu, Yunxin},
  booktitle={2021 IEEE/ACM 43rd International Conference on Software Engineering (ICSE)},
  pages={263--274},
  year={2021},
  organization={IEEE}
}

@article{wang2024trojanrobot,
  title={Trojanrobot: Physical-world backdoor attacks against vlm-based robotic manipulation},
  author={Wang, Xianlong and Pan, Hewen and Zhang, Hangtao and Li, Minghui and Hu, Shengshan and Zhou, Ziqi and Xue, Lulu and Guo, Peijin and Wang, Yichen and Wan, Wei and others},
  journal={arXiv preprint arXiv:2411.11683},
  year={2024}
}

@article{zhou2025badvla,
  title={BadVLA: Towards Backdoor Attacks on Vision-Language-Action Models via Objective-Decoupled Optimization},
  author={Zhou, Xueyang and Tie, Guiyao and Zhang, Guowen and Wang, Hechang and Zhou, Pan and Sun, Lichao},
  journal={arXiv preprint arXiv:2505.16640},
  year={2025}
}

@inproceedings{wenger2021backdoor,
  title={Backdoor attacks against deep learning systems in the physical world},
  author={Wenger, Emily and Passananti, Josephine and Bhagoji, Arjun Nitin and Yao, Yuanshun and Zheng, Haitao and Zhao, Ben Y},
  booktitle={Proceedings of the IEEE/CVF conference on computer vision and pattern recognition},
  pages={6206--6215},
  year={2021}
}

@inproceedings{yin2024physical,
  title={Physical backdoor: Towards temperature-based backdoor attacks in the physical world},
  author={Yin, Wen and Lou, Jian and Zhou, Pan and Xie, Yulai and Feng, Dan and Sun, Yuhua and Zhang, Tailai and Sun, Lichao},
  booktitle={Proceedings of the IEEE/CVF Conference on Computer Vision and Pattern Recognition},
  pages={12733--12743},
  year={2024}
}

@inproceedings{han2022physical,
  title={Physical backdoor attacks to lane detection systems in autonomous driving},
  author={Han, Xingshuo and Xu, Guowen and Zhou, Yuan and Yang, Xuehuan and Li, Jiwei and Zhang, Tianwei},
  booktitle={Proceedings of the 30th ACM International Conference on Multimedia},
  pages={2957--2968},
  year={2022}
}

@article{kim2024openvla,
  title={Openvla: An open-source vision-language-action model},
  author={Kim, Moo Jin and Pertsch, Karl and Karamcheti, Siddharth and Xiao, Ted and Balakrishna, Ashwin and Nair, Suraj and Rafailov, Rafael and Foster, Ethan and Lam, Grace and Sanketi, Pannag and others},
  journal={arXiv preprint arXiv:2406.09246},
  year={2024}
}

@article{black2024pi_0,
  title={$\pi_0$: A Vision-Language-Action Flow Model for General Robot Control},
  author={Black, Kevin and Brown, Noah and Driess, Danny and Esmail, Adnan and Equi, Michael and Finn, Chelsea and Fusai, Niccolo and Groom, Lachy and Hausman, Karol and Ichter, Brian and others},
  journal={arXiv preprint arXiv:2410.24164},
  year={2024}
}

@article{kim2025fine,
  title={Fine-tuning vision-language-action models: Optimizing speed and success},
  author={Kim, Moo Jin and Finn, Chelsea and Liang, Percy},
  journal={arXiv preprint arXiv:2502.19645},
  year={2025}
}

@inproceedings{zitkovich2023rt,
  title={Rt-2: Vision-language-action models transfer web knowledge to robotic control},
  author={Zitkovich, Brianna and Yu, Tianhe and Xu, Sichun and Xu, Peng and Xiao, Ted and Xia, Fei and Wu, Jialin and Wohlhart, Paul and Welker, Stefan and Wahid, Ayzaan and others},
  booktitle={Conference on Robot Learning},
  pages={2165--2183},
  year={2023},
  organization={PMLR}
}

@article{touvron2023llama,
  title={Llama 2: Open foundation and fine-tuned chat models},
  author={Touvron, Hugo and Martin, Louis and Stone, Kevin and Albert, Peter and Almahairi, Amjad and Babaei, Yasmine and Bashlykov, Nikolay and Batra, Soumya and Bhargava, Prajjwal and Bhosale, Shruti and others},
  journal={arXiv preprint arXiv:2307.09288},
  year={2023}
}

@article{beyer2024paligemma,
  title={Paligemma: A versatile 3b vlm for transfer},
  author={Beyer, Lucas and Steiner, Andreas and Pinto, Andr{\'e} Susano and Kolesnikov, Alexander and Wang, Xiao and Salz, Daniel and Neumann, Maxim and Alabdulmohsin, Ibrahim and Tschannen, Michael and Bugliarello, Emanuele and others},
  journal={arXiv preprint arXiv:2407.07726},
  year={2024}
}

@inproceedings{karamcheti2024prismatic,
  title={Prismatic vlms: Investigating the design space of visually-conditioned language models},
  author={Karamcheti, Siddharth and Nair, Suraj and Balakrishna, Ashwin and Liang, Percy and Kollar, Thomas and Sadigh, Dorsa},
  booktitle={Forty-first International Conference on Machine Learning},
  year={2024}
}

@article{chen2023pali,
  title={Pali-x: On scaling up a multilingual vision and language model},
  author={Chen, Xi and Djolonga, Josip and Padlewski, Piotr and Mustafa, Basil and Changpinyo, Soravit and Wu, Jialin and Ruiz, Carlos Riquelme and Goodman, Sebastian and Wang, Xiao and Tay, Yi and others},
  journal={arXiv preprint arXiv:2305.18565},
  year={2023}
}

@article{driess2023palm,
  title={Palm-e: An embodied multimodal language model},
  author={Driess, Danny and Xia, Fei and Sajjadi, Mehdi SM and Lynch, Corey and Chowdhery, Aakanksha and Wahid, Ayzaan and Tompson, Jonathan and Vuong, Quan and Yu, Tianhe and Huang, Wenlong and others},
  year={2023}
}

@article{liu2023libero,
  title={Libero: Benchmarking knowledge transfer for lifelong robot learning},
  author={Liu, Bo and Zhu, Yifeng and Gao, Chongkai and Feng, Yihao and Liu, Qiang and Zhu, Yuke and Stone, Peter},
  journal={Advances in Neural Information Processing Systems},
  volume={36},
  pages={44776--44791},
  year={2023}
}

@article{biggio2012poisoning,
  title={Poisoning attacks against support vector machines},
  author={Biggio, Battista and Nelson, Blaine and Laskov, Pavel},
  journal={arXiv preprint arXiv:1206.6389},
  year={2012}
}

@inproceedings{barreno2006can,
  title={Can machine learning be secure?},
  author={Barreno, Marco and Nelson, Blaine and Sears, Russell and Joseph, Anthony D and Tygar, J Doug},
  booktitle={Proceedings of the 2006 ACM Symposium on Information, computer and communications security},
  pages={16--25},
  year={2006}
}

@inproceedings{koh2017understanding,
  title={Understanding black-box predictions via influence functions},
  author={Koh, Pang Wei and Liang, Percy},
  booktitle={International conference on machine learning},
  pages={1885--1894},
  year={2017},
  organization={PMLR}
}

@inproceedings{kloft2010online,
  title={Online anomaly detection under adversarial impact},
  author={Kloft, Marius and Laskov, Pavel},
  booktitle={Proceedings of the thirteenth international conference on artificial intelligence and statistics},
  pages={405--412},
  year={2010},
  organization={JMLR Workshop and Conference Proceedings}
}

@article{robey2024jailbreaking,
  title={Jailbreaking llm-controlled robots},
  author={Robey, Alexander and Ravichandran, Zachary and Kumar, Vijay and Hassani, Hamed and Pappas, George J},
  journal={arXiv preprint arXiv:2410.13691},
  year={2024}
}

@article{lu2024poex,
  title={Poex: Policy executable embodied ai jailbreak attacks},
  author={Lu, Xuancun and Huang, Zhengxian and Li, Xinfeng and Xu, Wenyuan and others},
  journal={arXiv e-prints},
  pages={arXiv--2412},
  year={2024}
}

@article{wang2024exploring,
  title={Exploring the adversarial vulnerabilities of vision-language-action models in robotics},
  author={Wang, Taowen and Han, Cheng and Liang, James Chenhao and Yang, Wenhao and Liu, Dongfang and Zhang, Luna Xinyu and Wang, Qifan and Luo, Jiebo and Tang, Ruixiang},
  journal={arXiv preprint arXiv:2411.13587},
  year={2024}
}

@article{wang2025black,
  title={Black-box adversarial attack on vision language models for autonomous driving},
  author={Wang, Lu and Zhang, Tianyuan and Qu, Yang and Liang, Siyuan and Chen, Yuwei and Liu, Aishan and Liu, Xianglong and Tao, Dacheng},
  journal={arXiv preprint arXiv:2501.13563},
  year={2025}
}

@article{zhang2024badrobot,
  title={BadRobot: Jailbreaking embodied LLMs in the physical world},
  author={Zhang, Hangtao and Zhu, Chenyu and Wang, Xianlong and Zhou, Ziqi and Yin, Changgan and Li, Minghui and Xue, Lulu and Wang, Yichen and Hu, Shengshan and Liu, Aishan and others},
  journal={arXiv preprint arXiv:2407.20242},
  year={2024}
}

@article{chi2023diffusion,
  title={Diffusion policy: Visuomotor policy learning via action diffusion},
  author={Chi, Cheng and Xu, Zhenjia and Feng, Siyuan and Cousineau, Eric and Du, Yilun and Burchfiel, Benjamin and Tedrake, Russ and Song, Shuran},
  journal={The International Journal of Robotics Research},
  pages={02783649241273668},
  year={2023},
  publisher={SAGE Publications Sage UK: London, England}
}

@article{liu2025aligning,
  title={Aligning cyber space with physical world: A comprehensive survey on embodied ai},
  author={Liu, Yang and Chen, Weixing and Bai, Yongjie and Liang, Xiaodan and Li, Guanbin and Gao, Wen and Lin, Liang},
  journal={IEEE/ASME Transactions on Mechatronics},
  year={2025},
  publisher={IEEE}
}

@article{ma2024survey,
  title={A survey on vision-language-action models for embodied ai},
  author={Ma, Yueen and Song, Zixing and Zhuang, Yuzheng and Hao, Jianye and King, Irwin},
  journal={arXiv preprint arXiv:2405.14093},
  year={2024}
}

@article{xing2025towards,
  title={Towards robust and secure embodied ai: A survey on vulnerabilities and attacks},
  author={Xing, Wenpeng and Li, Minghao and Li, Mohan and Han, Meng},
  journal={arXiv preprint arXiv:2502.13175},
  year={2025}
}

@inproceedings{o2024open,
  title={Open x-embodiment: Robotic learning datasets and rt-x models: Open x-embodiment collaboration 0},
  author={O’Neill, Abby and Rehman, Abdul and Maddukuri, Abhiram and Gupta, Abhishek and Padalkar, Abhishek and Lee, Abraham and Pooley, Acorn and Gupta, Agrim and Mandlekar, Ajay and Jain, Ajinkya and others},
  booktitle={2024 IEEE International Conference on Robotics and Automation (ICRA)},
  pages={6892--6903},
  year={2024},
  organization={IEEE}
}

@misc{black2023blog,
  author  = {Kevin Black and Noah Brown and James Darpinian and Karan Dhabalia and Danny Driess and Adnan Esmail and Michael Equi and Chelsea Finn and Niccolo Fusai and Manuel Y. Galliker and Dibya Ghosh and Lachy Groom and Karol Hausman and Brian Ichter and Szymon Jakubczak and Tim Jones and Liyiming Ke and Devin LeBlanc and Sergey Levine and Adrian Li-Bell and Mohith Mothukuri and Suraj Nair and Karl Pertsch and Allen Z. Ren and Lucy Xiaoyang Shi and Laura Smith and Jost Tobias Springenberg and Kyle Stachowicz and James Tanner and Quan Vuong and Homer Walke and Anna Walling and Haohuan Wang and Lili Yu and Ury Zhilinsky},
  title   = {$\pi_{0.5}$: A Vision-Language-Action Flow Model for General Robot Control},
  year    = {2025},
  url     = {https://www.physicalintelligence.company/blog/pi05},
  urldate = {April 22, 2025}
}

@inproceedings{
    lou2023trojtext,
    title={TrojText: Test-time Invisible Textual Trojan Insertion},
    author={Qian Lou and Yepeng Liu and Bo Feng},
    booktitle={The Eleventh International Conference on Learning Representations },
    year={2023},
    url={https://openreview.net/forum?id=ja4Lpp5mqc2}
}

@article{lipman2022flow,
  title={Flow matching for generative modeling},
  author={Lipman, Yaron and Chen, Ricky TQ and Ben-Hamu, Heli and Nickel, Maximilian and Le, Matt},
  journal={arXiv preprint arXiv:2210.02747},
  year={2022}
}

@article{liu2022rectified,
  title={Rectified flow: A marginal preserving approach to optimal transport},
  author={Liu, Qiang},
  journal={arXiv preprint arXiv:2209.14577},
  year={2022}
}

@article{carlini2021poisoning,
  title={Poisoning and backdooring contrastive learning},
  author={Carlini, Nicholas and Terzis, Andreas},
  journal={arXiv preprint arXiv:2106.09667},
  year={2021}
}

@article{hartigan1979algorithm,
  title={Algorithm AS 136: A k-means clustering algorithm},
  author={Hartigan, John A and Wong, Manchek A},
  journal={Journal of the royal statistical society. series c (applied statistics)},
  volume={28},
  number={1},
  pages={100--108},
  year={1979},
  publisher={JSTOR}
}